1773 3121
259 215 372 256 1714
743 227 782 258 P.
818 226 976 257 ovinu
1009 226 1224 258 NAsoNJs

261 320 394 361 Nube
412 320 534 371 vehi;
567 320 788 374 validique
809 320 1002 361 humeris
1023 321 1222 362 insistere
1241 320 1460 365 Atlantis:

261 386 559 440 Palantesque
576 389 743 428 animos
764 389 928 442 passim
952 401 1003 429 ac
1033 389 1211 429 rationis
1231 391 1406 441 egentes

262 454 535 507 Despectare
557 456 726 508 procul,
748 456 1042 509 trepidosque,
1065 456 1320 508 obitumque
1344 456 1542 496 timentes

263 520 339 560 Sic
360 521 578 562 exhortari
596 536 607 572 ;
638 522 878 575 seriemque
898 523 1097 563 evolvere
1117 522 1211 562 fati.

1626 388 1710 428 150

259 657 355 697 pigra
369 656 560 687 habitatione
574 657 736 694 destituta,
763 657 830 687 vehi
854 658 944 697 nube,
972 662 1064 698 atque
1087 657 1183 688 inniti
1207 657 1340 688 humeris
1357 657 1457 696 fortis
1483 656 1624 688 Atlantis
1633 666 1645 692 ,·
1681 660 1711 687 et

257 699 363 739 procul
385 699 538 738 despicere
552 702 665 729 mentes
680 699 793 738 passim
808 704 957 738 errantes,
971 705 1002 731 et
1027 704 1167 739 expertes
1183 700 1325 740 rationis,
1346 703 1377 731 et
1392 701 1436 731 sic
1450 699 1611 730 admonere
1629 699 1711 730 timi-

261 743 327 780 dos,
340 744 370 771 et
386 744 555 771 metuentes
567 745 705 780 mortem,
720 744 751 772 et
763 742 884 781 aperire
900 741 1035 774 ordinem
1044 742 1123 780 fati.

868 835 1103 847 “eeeeaeaeteee

261 899 489 931 reliam—150
513 900 641 930 Animos
656 900 774 931 Heius.
789 900 883 930 dedit
900 909 941 930 ex
967 903 1038 931 vet.
1055 898 1141 931 cod.
1164 899 1327 931 Pontiani
1349 902 1385 930 et
1396 908 1468 931 vuno
1489 897 1583 930 Med.
1607 896 1710 937 vulg.

256 940 400 972 homines.
424 941 507 971 Mox
522 952 606 971 unus
634 942 711 972 Bas.
736 951 915 980 sparsusque
937 951 957 971 α
979 942 1104 971 cardine
1130 944 1251 979 gentes.
1279 941 1330 972 Ex
1356 945 1440 973 vett.
1465 939 1574 972 codd.
1593 939 1712 971 Heius.

261 982 383 1014 inserit
398 993 452 1013 uc:
477 984 509 1013 in
526 983 672 1023 vulgatis
685 983 801 1020 deest;
826 984 856 1013 in
874 982 1039 1012 nonnullis
1054 986 1094 1013 et.
1119 983 1221 1013 Dein.
1238 983 1372 1023 plurimi
1388 983 1507 1013 ratione
1520 985 1713 1013 carentes.—

262 1027 323 1055 151
348 1024 416 1055 Pro
443 1025 610 1065 trepidosq.
639 1025 775 1056 Caelest.
800 1025 955 1064 timidosq.
984 1024 1071 1054 Dein
1098 1025 1269 1064 Bernegg.
1296 1034 1346 1065 pr.
1372 1025 1560 1064 Hamburg.
1591 1028 1626 1055 et
1642 1027 1712 1054 tres

261 1067 318 1097 alii
339 1067 682 1108 strepitumque—1⁵2
705 1067 836 1099 Ciofan.
862 1077 905 1098 cx
921 1067 1059 1108 optimis
1073 1067 1257 1108 quibusque
1272 1067 1408 1108 scriptis
1424 1067 1516 1098 libris
1536 1076 1597 1108 pro
1621 1066 1712 1105 vulg.

919 1185 1060 1216 NOTAE

263 1270 392 1297 aeterna
404 1267 479 1298 coeli
493 1267 579 1298 bona
601 1268 859 1309 complectatur.
896 1269 959 1300 Di-

261 1315 451 1347 versissima
485 1324 575 1357 sunt,
603 1327 679 1358 quae
710 1322 806 1350 tanta
835 1318 958 1349 mentis

261 1365 408 1397 tenuitas
423 1375 489 1396 non
507 1367 620 1399 valeat
644 1368 932 1408 comprehendere
948 1379 956 1398 ε

260 1415 328 1447 imo
342 1421 381 1447 ut
396 1417 574 1456 plurimum
598 1418 797 1448 societatem
820 1418 909 1449 inter
923 1428 958 1448 se

260 1464 344 1496 inire
360 1475 425 1496 non
444 1470 592 1506 possunt.

305 1518 367 1546 149
404 1516 507 1556 Nube]
553 1517 623 1548 Per
660 1518 795 1556 nubem,
834 1518 957 1548 mentis

260 1564 369 1595 aciem
407 1566 572 1605 intellige,
606 1571 665 1597 aut
692 1568 757 1597 vim
791 1568 958 1608 quandam

258 1614 419 1654 Spiritus,
446 1615 503 1655 qui
530 1625 642 1656 neque
668 1616 831 1646 Ethnicos
856 1616 958 1647 desti-

260 1664 340 1704 tuit,
356 1666 406 1696 uti
424 1664 586 1705 perfricta
611 1665 724 1697 fronte
747 1666 959 1698 mentiuntur

259 1715 421 1746 nonnussh

308 1764 483 1806 Validique]
505 1766 603 1797 Istud
630 1775 696 1797 non
726 1766 839 1806 placet
867 1770 958 1806 post-

260 1824 360 1856 quam
376 1815 418 1846 de
434 1815 523 1846 nube
540 1815 706 1848 meminit.

302 1864 458 1904 Atlantis]
480 1866 546 1898 Qui
563 1865 776 1896 Mauritaniae
793 1874 866 1903 rex,
882 1864 959 1895 ideo

260 1914 373 1946 dictus
389 1916 510 1945 coelum
522 1915 688 1945 sustinere
698 1914 858 1953 humeris,
870 1914 958 1954 quod

261 1963 449 2003 astrologus
466 1963 571 1994 fuerit
587 1963 742 1995 eximius.

305 2015 366 2043 150
392 2013 553 2053 Palantes]
577 2013 668 2043 Mire
692 2013 756 2043 hoc
782 2013 886 2044 verbo
901 2013 958 2044 ho-

261 2062 388 2093 minum
410 2062 598 2093 declaravit
619 2062 801 2101 vesaniam,
816 2062 885 2103 qui,
901 2072 958 2102 pe-

261 2121 378 2143 corum
393 2121 498 2151 more,
517 2112 582 2142 huc
609 2111 688 2142 illuc
710 2111 815 2142 nescii
837 2107 962 2151 vaganl

262 2166 334 2200 tur;
350 2171 564 2202 nequaquam
577 2160 794 2191 advertentes
807 2170 846 2191 eo
860 2161 959 2191 modo

261 2211 326 2243 sibi
350 2211 455 2242 vitam
486 2211 664 2251 omniaque
700 2209 788 2240 bona
818 2210 955 2250 corripi.

261 2261 427 2292 Ducimur
444 2264 545 2301 atque
571 2258 752 2291 auferimur
778 2268 892 2289 omnes
916 2259 955 2289 iis

262 2311 376 2350 rebus,
387 2311 506 2351 quibus
518 2310 742 2350 cogitationes
753 2313 854 2349 atque
867 2319 956 2339 men-

263 2366 314 2392 tes
341 2365 471 2391 nostras
502 2360 700 2390 addicimus.
748 2359 823 2390 Quo
853 2358 957 2398 igitur

263 2411 397 2443 nomine
413 2410 606 2451 appellandi
620 2413 672 2440 tot
697 2408 809 2439 miseri
831 2412 957 2439 terram

264 2461 487 2504 nequicquam
499 2460 682 2500 calcantes,
693 2458 744 2490 sui
756 2467 860 2499 usque
876 2458 961 2490 adeo

1014 1268 1123 1308 obliti,
1146 1272 1184 1299 ut
1211 1277 1253 1299 ne
1286 1268 1467 1307 dignentur
1489 1265 1638 1308 quidem,
1662 1270 1715 1298 ut-

1015 1328 1159 1359 cumque
1184 1318 1306 1359 saepIus
1339 1317 1471 1357 moniti,
1494 1317 1537 1348 de
1559 1316 1625 1348 fine
1652 1326 1712 1348 suo

1013 1369 1175 1408 cogitare,
1203 1373 1262 1399 aut
1292 1370 1412 1399 saltem
1442 1368 1586 1399 animam
1618 1377 1714 1399 suam

1013 1418 1231 1459 pereuntibus
1253 1418 1420 1449 vilissimis
1437 1417 1602 1449 creaturis
1616 1417 1716 1448 surri-

1013 1469 1120 1509 pere?
1143 1468 1298 1499 Scientcs
1314 1473 1417 1508 atque
1438 1467 1631 1507 prudentes,
1654 1467 1714 1498 im-

1012 1527 1065 1549 mo
1082 1523 1201 1550 contra
1217 1528 1349 1549 omnem
1365 1518 1450 1548 bene
1465 1515 1713 1548 consulentium

1014 1573 1167 1607 conatus,
1185 1569 1217 1599 in
1238 1569 1358 1599 malam
1378 1578 1446 1598 rem
1464 1567 1603 1599 abeunt.
1647 1567 1714 1598 Mi-

1014 1628 1088 1649 rum
1103 1619 1137 1649 ni
1153 1619 1289 1659 insuper
1305 1618 1368 1648 illis
1386 1617 1570 1657 perniciem
1589 1617 1713 1648 machi-

1013 1671 1149 1698 nentur.

1056 1717 1217 1758 Rationis]
1241 1717 1327 1749 Quae
1344 1717 1442 1757 plura
1455 1715 1563 1747 m'ulto
1580 1716 1622 1746 ad
1638 1714 1713 1746 feli·

1014 1766 1154 1798 citatem
1185 1765 1329 1805 confert,
1358 1775 1458 1807 quam
1487 1766 1600 1796 omnia
1636 1774 1712 1806 quae

1015 1817 1118 1847 tantis
1143 1816 1327 1855 laboribus,
1352 1825 1392 1847 ea
1414 1819 1541 1856 spreta,
1556 1814 1712 1856 plerique

1013 1867 1173 1896 mortales
1189 1870 1414 1905 aucupantur.

1056 1918 1117 1946 152
1141 1915 1277 1954 Seriem]
1301 1916 1378 1946 Non
1405 1915 1542 1945 Ethnici
1570 1914 1712 1946 hominis

1013 1964 1217 1995 sententiam
1242 1968 1386 2003 tantum,
1401 1964 1461 1994 sed
1484 1964 1630 2003 supremi
1645 1973 1714 1995 om-

1011 2014 1102 2044 nium
1128 2023 1240 2044 rerum
1268 2014 1385 2044 arbitri
1410 2014 1473 2043 Dei
1502 2019 1556 2045 ter
1577 2013 1713 2053 Optimi

1013 2064 1154 2094 Maximi
1180 2064 1332 2101 decreto,
1352 2063 1471 2093 ordine
1498 2062 1643 2103 quodam
1664 2063 1714 2094 in-

1016 2117 1067 2143 ter
1084 2122 1118 2143 se
1140 2114 1358 2143 continentur
1375 2111 1445 2142 fata
1460 2112 1650 2144 hominum:
1675 2117 1713 2144 ut

1014 2162 1041 2192 si
1057 2162 1131 2202 quis
1148 2161 1190 2192 ad
1207 2166 1361 2201 optatum
1378 2170 1517 2201 scopum
1536 2162 1616 2192 velit
1636 2171 1712 2202 per-

1014 2211 1160 2251 tingere,
1190 2221 1252 2251 per
1279 2211 1389 2241 media
1418 2221 1556 2242 necesse
1586 2212 1712 2245 habeat

1012 2261 1145 2291 omnino
1174 2261 1339 2299 transire3
1363 2260 1483 2301 quibus
1507 2261 1630 2300 spretis
1654 2270 1712 2293 nc-

1012 2311 1191 2350 quicquam
1208 2310 1303 2341 Illius
1319 2319 1394 2340 sero
1417 2319 1514 2349 opem
1533 2310 1707 2350 imploret:

1011 2359 1115 2390 iratus
1132 2359 1342 2400 infestusque
1365 2364 1428 2390 est.
1473 2359 1710 2392 Calamitatem

1012 2409 1134 2440 irridet
1155 2419 1284 2450 eorum,
1311 2409 1368 2451 qui
1394 2409 1560 2441 obseratis
1581 2407 1711 2442 foribus

1012 2458 1188 2491 insultant.
