1773 3121
205 214 322 257 2002
692 223 735 254 P.
767 222 926 254 ovmn
961 222 1176 254 NAsoms

203 323 389 365 Pallade
408 323 599 377 placata,
619 320 768 363 lanam
788 321 974 371 mollite,
992 321 1184 375 puellae:

265 391 436 432 Discite
451 390 546 444 jam
566 390 724 444 plenas
743 402 976 431 exonerare
999 390 1136 430 colos.

206 460 291 501 Illa
309 460 440 500 etiam
462 462 629 500 stantes
649 458 773 499 radio
795 471 1047 512 percurrere
1068 457 1183 498 telas

264 525 445 578 Erudit3
471 532 517 567 et
535 540 679 567 rarum
700 527 870 580 pectine
891 527 1038 567 denset
1059 537 1186 579 opUS.
1585 524 1672 568 820

207 594 340 636 Hanc
363 595 474 644 cole,
495 595 570 648 qui
592 595 790 635 maculas
810 595 933 636 laesis
956 594 1012 635 de
1032 594 1230 635 vestibus
1252 592 1397 635 aufers
1415 607 1427 635 ε

262 663 397 704 Hanc
420 663 532 711 cole,
553 663 787 703 velleribus
808 664 1008 717 quisquis
1031 661 1140 703 ae‘na
1160 673 1307 715 paras.

206 729 305 772 Nec
327 731 564 784 quisquam
587 731 723 771 invita
745 731 880 772 faciat
899 732 1010 771 bene
1030 730 1206 771 vincula
1225 729 1394 784 plantae

263 798 447 839 Pallade
465 813 476 849 ;
508 798 563 838 sit
583 797 760 850 Tychio
781 798 955 838 doctior
973 798 1048 838 ille
1067 799 1188 838 licet.

204 864 262 906 Et
281 865 385 905 licet
404 866 585 917 antiquo
606 864 811 903 manibus
835 864 1024 904 collatus
1046 864 1169 916 Epeo
1586 864 1673 907 825

265 932 332 972 Sit
350 934 493 985 prior3
524 932 635 971 irata
658 930 844 971 Pallade
864 943 1046 971 mancus
1064 931 1156 971 erit.

202 998 301 1041 Vos
324 1012 512 1053 quoque,
536 998 737 1039 Phoebea
765 998 944 1039 morbos
966 999 1044 1051 qui
1065 996 1233 1051 pellitis
1250 1000 1357 1048 arte,

263 1066 448 1108 Munera
469 1066 521 1106 de
541 1067 704 1106 vestris
726 1079 871 1119 pauca
890 1065 1043 1107 referte
1066 1066 1192 1107 Deae.

204 1134 303 1176 Nec
322 1148 406 1175 vos
427 1135 552 1175 turba
573 1134 649 1174 feri
670 1147 804 1174 censu
825 1134 1028 1175 fraudata
1047 1134 1246 1186 magistri

263 1202 491 1256 Spernite:
524 1201 766 1254 discipulos
790 1201 967 1242 attrahit
987 1202 1065 1242 illa
1085 1214 1243 1245 novos.
1589 1201 1676 1244 830

199 1321 282 1353 verit
298 1321 459 1351 Palladem
485 1321 546 1351 erit
566 1322 684 1351 doctus.
730 1321 849 1352 Puellae
873 1321 1008 1361 subigite
1033 1322 1136 1352 lanam
1163 1321 1295 1352 Pallade
1311 1321 1429 1352 lenita.-
1453 1319 1567 1352 discite
1589 1331 1672 1353 nunc

200 1365 346 1404 expedire
358 1364 464 1404 plenas
478 1364 568 1393 colos.
616 1364 678 1394 Illa
693 1363 786 1394 etiam
801 1365 888 1394 docet
903 1365 1056 1395 absolvere
1084 1364 1175 1395 radio
1201 1366 1280 1395 telas
1302 1366 1431 1402 stantes,
1457 1366 1488 1394 et
1502 1365 1607 1395 denset
1621 1374 1673 1395 να-

198 1415 269 1438 rum
293 1416 366 1446 opus
391 1406 525 1444 pectine.
573 1405 636 1438 Qui
660 1406 742 1435 tollis
770 1406 905 1435 maculas
931 1416 971 1435 ex
998 1407 1188 1437 vestimentis
1214 1407 1398 1446 inquinatis,
1426 1406 1504 1436 hanc
1529 1405 1670 1438 celebra.-

201 1449 296 1480 Hanc
309 1450 372 1478 cole
389 1447 529 1486 quisquis
545 1447 678 1477 adornas
694 1447 772 1477 a'e'rm
787 1448 878 1477 lanoe.
928 1448 1037 1486 Neque
1052 1448 1133 1478 ullus
1148 1450 1294 1478 concinne
1306 1451 1397 1487 paret
1413 1448 1528 1478 calceos
1539 1449 1669 1488 pedibus

198 1490 315 1529 infesta
343 1490 499 1525 sslinerva,
527 1489 666 1529 quamvis
686 1489 738 1519 ille
763 1490 807 1519 sit
828 1489 962 1529 peritior
990 1490 1117 1530 Tychio.
1177 1490 1222 1520 Et
1248 1490 1388 1530 quamvis
1410 1493 1605 1529 comparatus
1631 1493 1672 1522 ad

199 1536 331 1564 veterem
352 1534 470 1572 Epeum
485 1532 527 1562 sit
552 1532 671 1562 doctior
697 1532 849 1570 inanibus,
872 1533 933 1562 erit
959 1533 1083 1572 ineptus
1109 1532 1257 1563 Minerva
1272 1532 1384 1563 invita.
1435 1532 1495 1563 Vos
1509 1532 1602 1564 etiam
1617 1534 1673 1574 qui

199 1577 314 1607 arcetis
331 1575 448 1606 morbos
463 1578 532 1605 arte
548 1574 694 1613 Phoebea,
713 1574 847 1614 praebete
872 1575 951 1606 Deoe
973 1576 1078 1616 aliqua
1093 1577 1174 1606 do‘na
1189 1576 1225 1606 de
1242 1575 1364 1606 vestiis.
1409 1574 1517 1615 Neque
1531 1585 1585 1606 vos
1599 1586 1671 1607 con-

200 1619 329 1650 temnite
354 1628 467 1658 agmen
492 1619 650 1658 privatum
677 1619 812 1648 mercede
836 1619 912 1649 soeoi
936 1618 1094 1658 magistri.
1141 1619 1203 1649 Illa
1226 1617 1355 1649 adducit
1380 1627 1473 1648 novos
1495 1617 1671 1659 discipulos.

819 1703 1058 1715 eeeeeeeeeeee

202 1758 304 1790 batur
319 1759 383 1789 lan.
399 1757 518 1788 mollire
531 1756 640 1796 puellae
655 1756 800 1796 Discunt,
815 1761 844 1788 et
869 1758 953 1797 plen.
978 1757 1047 1789 duo
1069 1758 1108 1788 F.
1135 1757 1228 1789 Maz.
1249 1761 1286 1788 et
1301 1756 1368 1788 duo
1391 1756 1449 1788 alii
1471 1757 1673 1797 Discitejam

198 1803 281 1843 plen.
310 1801 441 1832 Arund.
464 1800 588 1831 Discite
604 1803 634 1830 et
649 1800 728 1839 plen.
754 1801 844 1831 unde
860 1800 981 1833 Heins.
997 1802 1060 1833 lan.
1076 1801 1201 1840 mollite,
1213 1800 1346 1840 puellae:
1370 1800 1496 1831 Discite
1502 1801 1574 1840 jam
1584 1802 1669 1841 plen.

201 1847 310 1876 -820
334 1845 385 1875 Ex
412 1848 497 1874 vett.
516 1842 700 1883 primisque
726 1842 813 1876 Edd.
834 1843 954 1876 Heius.
980 1843 1159 1884 rescripsit
1180 1845 1286 1874 denset
1303 1852 1365 1883 pro
1392 1843 1483 1883 vulg.
1505 1844 1671 1875 densat.—

203 1889 266 1918 823
296 1887 410 1917 Heius.
429 1886 523 1917 dedit
538 1885 643 1923 faciat
664 1895 706 1915 ex
733 1891 879 1926 quatuor
903 1887 1022 1925 libris;
1045 1885 1386 1924 ceterisaciet.—824
1410 1885 1451 1916 In
1464 1895 1536 1917 voc.
1555 1886 1669 1926 Tychio

204 1930 325 1969 scripti
343 1931 474 1960 variant
488 1939 495 1959 :
522 1929 625 1967 Pitio,
639 1928 759 1966 pithio,
774 1929 895 1968 Phitz'o,
911 1930 1043 1970 Phfflo,
1058 1930 1158 1968 Ficio,
1175 1929 1257 1959 Titio
1274 1929 1449 1967 leguntur:
1476 1928 1530 1958 Fr.
1547 1929 1669 1967 pico.—

204 1974 268 2003 826
292 1973 380 2002 Maz.
399 1972 528 2002 Zulich.
545 1981 597 2011 pr.
614 1971 656 2001 A.
673 1971 774 2009 Laeti,
796 1981 847 2011 pr.
864 1972 959 2003 Med.
976 1977 1011 2003 et
1035 1972 1154 2003 decern
1169 1971 1226 2001 alii
1247 1971 1310 2010 pri.
1325 1970 1426 2000 invita
1441 1970 1589 2000 Ρ.-829
1611 1971 1666 2002 Sic

203 2015 332 2054 vulgati
348 2015 488 2052 habent,
500 2014 593 2044 etsie
607 2013 742 2053 qnidam
761 2013 845 2053 Opt.
870 2014 977 2045 Codd.
992 2025 1000 2052 ;
1017 2014 1076 2045 sed
1095 2012 1230 2053 plurimi
1245 2021 1334 2042 sensu
1351 2021 1411 2051 pro
1421 2022 1511 2042 censu
1524 2013 1642 2053 legunt
1658 2025 1666 2045 :

204 2056 260 2086 alii
271 2066 360 2086 sensu
379 2057 428 2087 vel
446 2065 534 2086 censu
542 2055 734 2093 fraudante.-
758 2061 901 2096 quatuor
921 2066 1024 2087 sensus
1031 2056 1204 2093 fraudata:
1228 2059 1297 2085 vet.
1322 2055 1400 2085 Pet.
1426 2060 1463 2085 et
1484 2055 1562 2087 Pat.
1577 2065 1667 2088 sensu

194 2098 364 2135 fraudare:
390 2099 477 2129 Maz.
504 2102 574 2137 opt.
600 2097 691 2127 turba
716 2097 799 2134 ferae
825 2108 930 2129 sensus
948 2098 1122 2136 fruudure;
1147 2097 1317 2137 proturba
1348 2097 1449 2128 etiam
1473 2097 1506 2127 in
1531 2097 1664 2129 duobus

203 2141 304 2171 verba.
323 2140 442 2171 Heins.
461 2150 549 2170 corr.
582 2140 645 2170 Nec
660 2149 713 2169 vos
729 2149 791 2169 aere
807 2140 928 2171 brevem
943 2151 1065 2171 censum
1070 2140 1224 2179 fraudare
1244 2150 1326 2179 mag.
1341 2141 1394 2178 lise.
1410 2140 1462 2170 vel
1479 2139 1584 2171 etiam
1602 2151 1666 2172 aere

205 2183 290 2214 brevi
297 2182 462 2221 fraudare.
486 2183 600 2212 Burm.
618 2181 735 2212 mallet
753 2182 819 2212 Nec
835 2192 887 2213 vos
901 2183 1004 2222 turba,
1019 2184 1134 2222 Deam,
1151 2193 1242 2213 censu
1248 2181 1414 2221 fraudata,
1436 2192 1520 2221 nicig.
1535 2184 1588 2223 dfe.
1609 2185 1664 2216 vel

204 2225 273 2257 Nec
289 2236 341 2257 vos
352 2230 444 2267 parte
459 2226 562 2256 Deam
577 2233 683 2255 census
697 2223 852 2263 fraudare
868 2235 951 2265 mag.
968 2227 1128 2266 &en—830
1162 2225 1285 2258 Heius.
1313 2235 1357 2256 ex
1381 2225 1550 2256 nonnullis
1575 2231 1663 2257 vett.

864 2321 1005 2354 NOTAE

248 2400 311 2429 817
335 2396 475 2436 Mollite]
499 2396 708 2428 Carminate.
1003 2400 1066 2430 823
1095 2396 1240 2437 Vincula]
1261 2396 1418 2428 Calceos.

247 2451 312 2480 819
334 2448 462 2479 Stantes
485 2447 576 2487 telas]
599 2447 689 2488 Jugo
718 2456 852 2480 annexa
871 2448 908 2479 li·
1005 2452 1068 2480 824
1093 2446 1224 2489 Tychio]
1247 2447 1313 2479 Qui
1339 2447 1488 2478 Homero
1504 2446 1663 2488 egregius

207 2497 272 2530 eia.
964 2498 1138 2534 coriarius,
1151 2507 1209 2527 seu
1226 2496 1458 2528 calceolarius.

248 2549 351 2580 Rodio
373 2548 567 2588 percurrere]
597 2548 741 2579 Stamini
765 2553 908 2580 tramam
1006 2551 1068 2579 825
1097 2547 1193 2588 Epeo]
1207 2548 1273 2580 Qui
1289 2547 1403 2588 opifex
1420 2547 1498 2589 equi
1513 2546 1663 2579 duratei.

205 2599 425 2631 interserere.
999 2602 1063 2630 826
1082 2598 1224 2638 Maricas]
1247 2599 1382 2638 Quippe
1400 2598 1471 2629 sine
1490 2598 1558 2629 Dei
1573 2598 1662 2638 ejus-

248 2654 313 2683 820
339 2650 472 2689 Denset]
492 2649 728 2690 Verberando,
750 2650 825 2682 scil.
850 2649 907 2681 fila
963 2658 1029 2690 que
1043 2648 1219 2688 sapientiae
1234 2658 1297 2688 ope
1308 2648 1390 2678 nihil
1406 2656 1567 2688 prospere
1579 2646 1663 2678 inei-

205 2702 344 2743 pectine
362 2701 537 2741 pendenti.
961 2699 1066 2740 pitur.

247 2754 310 2782 822
333 2750 439 2791 Αὲηα]
465 2751 502 2781 In
517 2750 636 2792 quibus
648 2751 740 2782 lanas
752 2749 831 2783 fuco
847 2750 907 2783 im·
1003 2752 1065 2780 827
1089 2748 1238 2788 Phoebea]
1261 2748 1383 2780 Phoebi
1407 2757 1466 2779 seu
1491 2746 1660 2788 Apollinis

204 2801 314 2834 buunt
330 2800 532 2834 infectores.
958 2799 1135 2832 inventum
1163 2797 1228 2831 fuit
1255 2807 1309 2830 ars
1330 2797 1484 2836 medica3
1507 2806 1583 2839 quae
1610 2800 1662 2829 ta·
