1773 3121
207 185 320 229 2130
700 196 742 227 P.
774 195 932 225 ovrnn
964 194 1177 225 NAsoms

210 290 501 333 Abstulerant
518 293 668 343 raptas
689 289 890 330 Phoeben
915 289 1197 342 Phoebesque
1218 299 1412 329 sororem

269 357 536 413 Tyndaridae
560 357 729 405 fratres,
750 356 821 396 hic
842 369 991 410 eques,
1013 357 1086 397 ille
1106 356 1241 410 pugil.
1585 353 1670 395 700

213 426 341 467 Bella
360 428 531 478 parant,
551 426 836 478 repetuntque
855 436 958 464 suas
981 428 1028 464 et
1047 423 1180 464 frater
1202 427 1248 464 et
1267 422 1377 464 Idas
1395 435 1407 474 3
1650 449 1653 451 -

268 491 499 544 Leucippo
519 490 610 531 fieri
630 494 789 544 pactus
810 494 990 543 uterque
1011 503 1153 542 gener.

215 558 302 599 His
323 571 460 609 amor,
480 565 529 600 ut
547 561 761 611 repetant,
782 557 886 607 illis,
911 561 956 598 ut
977 557 1157 598 reddere
1177 555 1329 607 nolint,

270 626 457 667 Suadet:
489 629 532 666 et
548 638 607 666 ex
628 638 767 666 causa
783 628 945 679 pugnat
965 629 1146 677 uterque
1166 624 1276 676 pari.

215 692 416 745 Effugere
437 692 661 734 OEbalidae
684 705 818 733 cursu
842 696 1026 745 potuere
1048 693 1297 744 sequentes:
1588 687 1672 728 705

273 760 362 800 Sed
383 761 523 803 visum
543 760 675 800 celeri
695 759 868 798 vincere
888 763 1015 810 turpe
1035 758 1158 809 fuga.

217 826 351 867 Liber
371 826 427 866 ab
448 826 682 865 arboribus
702 824 832 864 locus
853 826 934 872 est,
961 826 1068 874 apta
1091 835 1193 862 area
1213 836 1371 875 pugnae
1389 836 1398 864 :

275 891 577 933 Constiterant
596 891 715 931 illic:
746 903 901 931 nomen
922 888 1134 943 Aphidna
1157 889 1276 929 loco.

218 959 405 1000 Pectora
424 959 629 1012 trajectus
648 958 830 1011 Lynceo
852 955 1007 997 Castor
1027 956 1082 996 ab
1104 968 1205 996 ense

274 1025 380 1067 Non
402 1028 636 1078 expectato
658 1025 834 1066 vulnere
855 1023 1017 1077 pressit
1034 1022 1227 1063 humum.
1592 1021 1676 1062 710

220 1093 349 1133 Ultor
369 1091 490 1132 adest
510 1091 700 1142 Pollux3
733 1096 777 1132 et
795 1090 972 1144 Lyncea
993 1089 1186 1143 perforat
1204 1089 1349 1140 hasta,

279 1158 382 1209 Qua
403 1157 555 1199 cervix
573 1157 775 1198 humeros
797 1157 1051 1197 continuata
1077 1156 1250 1209 premit.

221 1309 309 1340 Deus
321 1305 443 1346 aperuit
458 1315 578 1336 causum
595 1314 646 1335 ore
660 1305 784 1335 diserto.
830 1304 961 1335 Fratres
976 1304 1177 1344 Tyndarffloe,
1193 1305 1273 1334 alter
1286 1314 1386 1344 eques,
1408 1306 1487 1336 alter
1504 1305 1606 1345 pugil,
1628 1314 1679 1335 ra-

218 1352 350 1390 puerant
366 1348 503 1378 Phoeben
518 1351 549 1377 et
562 1356 696 1376 sororem
713 1346 840 1376 Phoebes
853 1346 998 1376 sublatas.
1043 1347 1118 1376 Idas
1132 1346 1349 1385 atquesmter,
1363 1351 1490 1386 uterque
1503 1357 1598 1385 gener
1606 1357 1679 1387 pro-

220 1392 332 1423 missus
346 1390 501 1429 Leucippo
516 1392 638 1419 movent
653 1388 743 1426 bella,
758 1391 848 1428 atque
862 1391 1021 1426 reposcunt
1043 1397 1124 1418 suas.
1166 1388 1266 1418 Amor
1292 1388 1423 1428 impellit
1440 1389 1502 1429 hos,
1523 1392 1556 1419 ut
1576 1398 1679 1428 repos-

220 1437 304 1472 cant,
328 1433 410 1470 illos,
432 1435 467 1461 ut
491 1432 588 1461 nolint
619 1431 780 1461 restituere
793 1440 802 1466 3
825 1434 916 1471 atque
939 1434 1066 1470 uterque
1088 1432 1186 1460 certat
1202 1440 1241 1460 ex
1256 1440 1348 1461 causa
1369 1431 1475 1462 simili.
1521 1431 1680 1462 OEbalidoe

219 1478 384 1516 potuerunt
400 1474 517 1505 evitare
530 1473 614 1512 fuga
627 1476 864 1513 persequentes:
887 1474 939 1503 sed
955 1473 1053 1503 visum
1068 1473 1244 1503 indecorum
1258 1473 1379 1504 vincere
1401 1473 1460 1503 levi
1476 1472 1570 1512 fuga.
1614 1472 1680 1503 Lo-

222 1529 276 1549 cus
290 1521 335 1549 est
350 1526 461 1547 vacans
482 1516 652 1554 arboribus,
668 1516 813 1556 Aphidna
829 1520 873 1546 est
899 1525 1006 1546 nomen
1026 1515 1099 1556 loco,
1112 1515 1260 1555 planities
1285 1516 1395 1546 idonea
1410 1515 1592 1546 certamini:
1614 1515 1681 1546 illic

221 1561 434 1591 constiterant.
481 1560 592 1589 Castor·
614 1558 729 1589 habens
756 1557 944 1599 transfixum
967 1561 1073 1597 pectus
1098 1567 1116 1587 α
1129 1557 1234 1596 gladio
1249 1558 1367 1598 Lyncei
1380 1558 1515 1599 afflictus
1534 1561 1580 1589 est
1594 1557 1681 1588 humi

222 1604 345 1634 vulnere
366 1612 426 1633 non
450 1604 621 1642 expectato.
667 1600 782 1632 Pollux
805 1601 920 1632 vindex
945 1602 1044 1640 adest,
1068 1604 1098 1631 et
1127 1599 1296 1638 transfodit
1318 1601 1475 1642 Lynceum
1498 1601 1599 1640 hasta,
1621 1609 1681 1641 qua

836 1701 1070 1713 eeeeeeeeeeee

218 1773 350 1811 secund.
396 1773 480 1804 Mox
494 1772 632 1813 prodidit
651 1773 770 1804 Heins.
785 1772 883 1805 dedit
899 1782 940 1804 ex
957 1782 1008 1813 pr.
1027 1771 1067 1805 A.
1085 1776 1121 1803 et
1135 1771 1225 1803 Laeti
1243 1770 1326 1803 Cod.
1342 1780 1417 1802 cum
1431 1779 1497 1802 uno
1522 1770 1602 1802 Pat.
1618 1780 1680 1811 pro

226 1816 315 1854 vulg.
338 1815 497 1852 reddidit3
521 1816 576 1847 Sa.
598 1816 730 1853 retudit,-
753 1817 851 1847 Voss.
873 1816 979 1847 reddit
993 1815 1152 1846 ab.—699
1176 1815 1255 1846 Duo
1272 1814 1350 1845 libri
1366 1813 1487 1844 Abstul.
1503 1817 1624 1854 raptam
1639 1813 1682 1845 P.

224 1861 331 1889 *702
354 1858 411 1889 Sa.
434 1858 602 1899 Leucippi.-
624 1859 769 1890 Strozzae
785 1858 1059 1890 Leucadia—704
1075 1857 1240 1889 Nonnulli
1255 1867 1287 1895 a,
1311 1857 1364 1887 vel
1380 1866 1395 1886 e
1408 1859 1601 1888 caus—‘106
1622 1855 1679 1886 Fr.

218 1900 293 1940 sug.
317 1904 483 1932 est.—-708
503 1901 601 1932 Hanc
617 1902 801 1932 lectionem
821 1902 939 1933 Heius.
965 1900 1143 1941 rescripsit
1158 1910 1199 1930 ex
1215 1899 1347 1930 Zulich.
1371 1908 1478 1940 neque
1503 1899 1602 1929 aliter
1615 1897 1683 1929 fuit

226 1943 261 1972 in
277 1943 366 1974 Maz.
391 1943 482 1973 Olim
499 1943 668 1974 edebatur
687 1945 900 1975 Constiterant
915 1945 968 1974 illo
985 1944 1109 1974 nomina
1117 1943 1191 1984 fida
1207 1942 1287 1973 loco.-
1312 1946 1347 1973 et
1363 1941 1412 1972 sic
1429 1940 1564 1981 quidem
1581 1940 1684 1980 pluri-

227 1985 273 2015 mi
289 1985 420 2025 scripti.
465 1986 561 2016 Unus
577 1993 690 2017 autem
708 1987 785 2018 Pat.
805 1987 1139 2018 constiteram—711
1164 1986 1217 2016 Sa.
1234 1989 1270 2015 et
1285 1985 1382 2015 Voss.
1411 1984 1516 2015 Victor
1529 1983 1579 2013 ad.
1595 1983 1683 2013 P.—

227 2029 290 2058 712
313 2028 403 2058 Mor.
423 2027 491 2063 Quo
507 2038 587 2060 cerv.
625 2029 709 2060 Mox
722 2031 838 2070 prem1't
855 2030 1010 2060 meliores
1026 2033 1113 2060 teste
1129 2027 1249 2058 Heius.
1274 2027 1366 2066 vulg.
1383 2026 1578 2065 tegit—713
1603 2025 1681 2056 Duo

884 2149 1027 2182 NOTAE

230 2234 432 2267 NasoniSol
446 2234 479 2265 in
497 2235 661 2266 Geminis.
1028 2235 1102 2275 Ille]
1129 2234 1263 2266 Pollux.

272 2287 334 2316 697
358 2284 477 2324 HuJ‘us]
508 2285 742 2324 Geminorum,
753 2285 897 2317 scilicet.
1027 2288 1087 2316 701
1100 2284 1194 2325 Suos]
1210 2285 1368 2325 Namque
1379 2283 1445 2315 illis
1457 2283 1683 2325 desponsatae.

273 2337 336 2365 698
372 2335 533 2376 Facundo]
574 2335 641 2366 Qui
672 2339 708 2366 et
733 2335 814 2366 alios
837 2336 930 2367 culte
1031 2335 1156 2375 Frater]
1185 2336 1352 2374 Lynceus.

229 2384 323 2424 loqui
347 2383 450 2415 docet
473 2383 639 2416 facundus
655 2385 768 2424 fuerit,
788 2386 930 2417 scilicet.
1027 2389 1089 2418 705
1131 2385 1302 2424 OEbalidae]
1348 2385 1471 2416 Castor
1499 2389 1535 2416 et
1558 2386 1684 2417 Pollux

231 2434 433 2474 Quanquam
450 2435 548 2465 hodie
576 2445 644 2466 non
661 2436 792 2467 valeret
815 2446 931 2468 conse-
986 2437 1123 2469 OEbalia
1137 2446 1196 2467 seu
1213 2435 1361 2467 Laconia
1376 2435 1521 2466 oriundi.

233 2483 383 2525 quentia.
1028 2489 1091 2516 708
1115 2485 1275 2525 Aphidna]
1301 2485 1339 2515 In
1352 2485 1497 2515 Laconia
1509 2484 1685 2526 Aphidnas

273 2537 337 2566 699
361 2534 519 2574 Sororem]
547 2534 698 2565 Phoeben
719 2535 870 2577 adeoque
896 2540 932 2567 et
985 2546 1115 2578 quoque
1147 2536 1242 2576 ponit
1262 2536 1473 2575 Stephanus3
1496 2545 1685 2577 quanquam

231 2584 379 2615 Elairam
399 2584 564 2625 Leucippi
578 2583 675 2616 filias.
986 2587 1040 2618 alii
1062 2586 1101 2616 ad
1119 2586 1267 2625 Apharei
1286 2585 1450 2616 tumulum
1471 2586 1686 2618 commissam

274 2636 338 2665 700
365 2634 568 2675 Tyndaridoe]
589 2635 712 2667 Castor
733 2639 768 2667 et
784 2635 905 2668 Pollux
921 2646 930 2675 ;
984 2635 1087 2666 fnisse
1100 2635 1184 2666 hanc
1195 2645 1341 2676 pugnam
1353 2640 1564 2676 asseverant;
1579 2635 1685 2678 Apol·

233 2683 276 2715 de
292 2683 414 2725 quibus
433 2684 548 2716 toties.
984 2686 1123 2717 lodorus
1141 2686 1176 2717 in
1192 2685 1441 2722 Messeniorum
1467 2689 1582 2719 tractu
1605 2694 1685 2719 con-

278 2733 358 2775 Hic]
389 2733 522 2766 Castor.
986 2734 1108 2769 tendit.
