1773 3121
238 221 351 263 1692

489 470 606 511 ΕΑΒ.
638 468 830 511 XVIII.

722 232 763 260 P.
795 229 952 259 OVIDH
986 227 1200 259 NASONIS

892 468 1108 509 Romulus
1131 468 1173 508 in
1196 467 1443 518 Quirinum.

242 582 335 613 Posr
350 580 476 612 Amulii
493 591 531 612 ac
549 581 738 612 Numitoris
755 579 961 610 Albanorum
978 587 1092 618 regum
1117 576 1302 616 interitum,
1320 576 1485 607 Romulus
1511 574 1603 607 urbis
1623 584 1640 605 a
1658 584 1695 606 se

284 634 432 665 conditae
449 634 543 674 cepit
561 634 747 674 imperium.
794 633 949 665 Quicum
968 630 1126 662 adversus
1143 630 1255 660 Titum
1278 629 1417 659 Tatium
1436 638 1496 668 pro
1512 632 1611 668 raptu
1628 627 1694 658 vir·

287 687 400 728 ginum
418 686 606 724 dimicaret,
629 686 737 717 hostis
754 684 1042 726 appropinquavit
1068 683 1201 723 patriae.
1248 681 1348 714 Quod
1365 685 1403 713 ut
1419 681 1533 711 Venus
1549 689 1698 721 praesen·

285 741 329 772 sit
344 751 352 779 ;
377 741 482 781 portis
499 740 662 771 obseratis
680 750 745 770 una
761 738 934 779 patefacta
949 743 1015 776 est,
1030 737 1173 776 Tarpeia
1188 735 1319 773 virgine
1340 734 1509 775 prodente
1531 732 1698 774 patriam;

286 803 347 835 pro
362 793 424 824 filii
439 794 672 824 incolumitate
689 803 707 823 a
725 793 905 833 Nymphis,
921 802 997 832 quae
1014 790 1175 831 proximae
1188 790 1274 822 Jano
1291 792 1402 827 erant,
1414 786 1583 827 geminum
1596 785 1699 826 petiit

286 846 458 877 auxilium.
483 847 577 876 Data
591 856 670 885 ergo
685 846 795 883 venia,
809 845 992 876 secundnm
1010 848 1155 883 portam,
1168 851 1267 883 quam
1281 840 1398 871 Sabini
1414 838 1581 879 irrupturi
1593 841 1700 878 erant,

286 899 418 929 recluso
434 898 541 936 fonte,
558 899 783 928 scaturientes
801 907 910 937 aqum,
925 906 998 937 quae
1016 900 1115 926 antea
1129 896 1313 932 latuerant,
1331 892 1567 932 erumpebant.
1611 891 1699 924 Quae

287 959 362 980 cum
378 949 510 990 frigidae
526 950 668 980 hostium
681 950 857 980 introitum
874 958 940 979 non
954 948 1189 988 prohiberent,
1205 956 1246 977 ex
1269 945 1401 986 frigidis
1424 946 1459 976 in
1481 944 1610 975 calidas
1628 951 1700 974 ver·

287 1011 345 1042 sae,
361 1002 490 1032 hostem
507 1006 703 1032 averterunt
719 1012 727 1038 ;
744 1001 953 1041 victoriaque
971 1001 1101 1040 potitus
1115 999 1292 1038 Romulus,
1309 997 1519 1029 rebumirbis
1535 995 1702 1036 composi·
1737 990 1745 992 ’

287 1055 436 1095 tis‚jura
453 1054 598 1085 reddens
616 1055 754 1095 populo,
766 1055 853 1085 sicut
871 1053 1020 1094 petierat
1037 1057 1157 1092 mater,
1174 1056 1294 1093 raptus
1309 1051 1344 1082 in
1361 1051 1482 1082 coelum
1499 1053 1572 1088 est3
1599 1049 1647 1081 ita
1663 1051 1702 1080 ut

289 1107 448 1139 Quirinus
463 1117 549 1138 novo
566 1108 700 1138 nomine
718 1111 911 1138 vocaretur.

248 1203 534 1260 PRoxlsz
557 1218 780 1260 Ausonias
801 1219 949 1273 injusti
970 1218 1094 1258 miles
1118 1216 1267 1257 Amuli

250 1285 384 1327 Rexit
403 1299 510 1340 opes
529 1302 537 1327 :
572 1285 861 1339 Numitorque
881 1298 1013 1325 senex
1035 1284 1195 1324 amissa
1217 1287 1425 1336 nepotum

250 1353 433 1394 Munere
450 1367 585 1406 regna
605 1353 726 1406 capit
743 1366 752 1393 :
784 1352 996 1404 festisque
1020 1350 1235 1391 Palilibus
1255 1349 1378 1389 urbis

251 1420 424 1461 Moenia
445 1421 703 1461 conduntur.

762 1419 1008 1472 Tatiusque
1031 1423 1268 1471 patresque
1295 1416 1449 1457 Sabini

1620 1417 1706 1459 775

250 1487 374 1527 Bella
394 1490 569 1540 gerunt:
602 1486 805 1540 arcisque
826 1487 900 1526 via
919 1485 1112 1538 Tarpeia
1129 1485 1300 1524 reclusa

294 1622 400 1644 xviri.
426 1614 519 1644 Miles
541 1614 639 1653 iniqui
665 1614 786 1644 Amulii
809 1614 971 1653 proximus
996 1612 1155 1652 occupavit
1183 1621 1231 1643 res
1261 1612 1379 1642 Italas.-
1404 1615 1434 1642 et
1450 1611 1600 1642 Numitor
1613 1619 1706 1641 senex

251 1665 346 1694 regno
358 1656 478 1695 potitur
503 1657 624 1693 amisso,
649 1655 792 1696 beneficio
816 1659 980 1694 nepotum.-
1003 1659 1032 1685 et
1050 1655 1130 1685 muri
1143 1654 1229 1684 urbis
1249 1657 1404 1693 ponuntur
1417 1653 1513 1690 sestis
1528 1652 1706 1684 Palilibus.-

250 1701 280 1727 et
300 1697 409 1729 Tatius
424 1701 453 1729 et
467 1702 572 1738 patres
586 1698 698 1729 Sabini
714 1698 789 1728 bena
805 1701 922 1728 movent
931 1707 942 1734 ;
966 1701 995 1728 et
1012 1697 1064 1728 via
1075 1697 1158 1728 arcis
1167 1699 1289 1736 aperta,
1304 1696 1437 1737 Tarpeia
1449 1696 1563 1737 efflavit
1572 1696 1709 1726 animam

860 1798 917 1809 ‘ee
923 1797 1097 1816 eetqaeeaeee

249 1864 312 1903 pha
329 1873 388 1903 pro
407 1864 666 1904 Nympha—772
684 1865 762 1894 Bas.
780 1863 858 1893 Ans.
874 1862 985 1892 int-icti
1001 1861 1150 1891 mih—77
1154 1863 1172 1891 3
1190 1861 1334 1892 Plurimi
1349 1862 1454 1893 amiss.
1469 1862 1708 1902 nepotis.—⁷74

254 1906 397 1937 Plurimi
409 1911 491 1937 vett.
500 1907 602 1936 etiam
613 1905 773 1936 Parilibus
784 1915 793 1935 .-
805 1905 902 1935 Cant.
912 1910 1025 1934 autem
1031 1903 1313 1942 paratibus.-—775
1328 1903 1395 1933 Alii
1404 1904 1512 1934 Tatius
1520 1905 1710 1945 omiss.que.

910 1989 1047 2020 NOTAE

255 2062 298 2083 ex
319 2052 501 2082 Vertumni
525 2053 768 2084 mutationibus
794 2053 955 2084 mutabile

256 2102 413 2140 amantis,
429 2106 506 2132 utut
533 2102 727 2142 certissimi,
751 2107 957 2134 notaverunt

255 2152 425 2192 ingenium
440 2162 447 2189 ;
463 2151 552 2192 quod
564 2162 652 2182 nunc
665 2162 736 2191 spe,
750 2162 839 2183 nunc
851 2159 955 2192 metu,

257 2202 438 2232 innumeris
455 2202 592 2240 iusuper
605 2202 867 2241 cogitationibus
893 2202 955 2233 sibi

257 2252 319 2292 ipsi
332 2251 508 2291 abripitur.
535 2251 676 2291 Optime
688 2252 831 2292 quadrat
842 2252 955 2291 etiam,

258 2301 348 2342 quod
367 2306 462 2331 vetus
480 2311 572 2331 amor
593 2306 694 2341 atque
712 2302 774 2332 sibi
800 2307 954 2332 constans

259 2351 346 2382 votis
369 2350 436 2381 suis
453 2350 598 2390 (lenique
615 2351 785 2390 potiatur:
812 2360 955 2392 namque

259 2401 292 2432 id
309 2401 492 2441 saepissime
511 2401 645 2431 accidit.
691 2401 757 2431 Sed
776 2401 882 2432 minus
899 2402 957 2432 illa

261 2451 352 2492 prior
368 2451 537 2490 expositio
554 2451 689 2480 videtur
704 2451 881 2481 accersita.

301 2504 365 2532 '772
380 2500 561 2540 Proximus]
577 2501 642 2532 Qui
659 2511 677 2530 a
695 2502 804 2531 Proca
816 2511 956 2541 regnum

263 2550 472 2582 Albanorum
488 2550 644 2581 obtinuit.
690 2551 843 2581 Amulius
859 2551 958 2590 enim,

262 2601 357 2642 pulso
386 2600 492 2632 fratre
525 2601 714 2638 Numitore,
741 2601 957 2641 ejusdemque

261 2649 330 2681 filio
348 2651 454 2681 Lauso
471 2656 638 2690 peremto,
654 2651 734 2681 illud
748 2651 879 2681 invasit.
927 2651 958 2681 Is

264 2705 378 2730 tamen
401 2710 419 2730 a
446 2701 550 2731 Remo
568 2706 601 2731 et
621 2702 775 2739 Romulo,
795 2702 895 2732 Rheae
918 2712 959 2732 ex

265 2750 376 2780 Marte
391 2749 479 2788 filiis,
495 2760 595 2791 quam
613 2751 770 2782 Numitor
784 2755 960 2791 genuerat,

265 2800 410 2842 denique
426 2800 492 2832 fuit
505 2799 724 2833 interfectus:
743 2806 845 2842 atque
858 2801 961 2832 iidem

1010 2063 1107 2083 avum
1125 2062 1218 2083 suum
1235 2052 1320 2083 solio
1337 2051 1570 2083 reddiderunt.

1052 2104 1219 2143 Ausonias]
1250 2103 1367 2133 Italas.

1054 2153 1182 2192 Injicsti]
1209 2152 1347 2192 Quippe
1363 2152 1420 2193 qui
1437 2151 1578 2183 fratrem
1595 2154 1711 2183 extur-

1010 2203 1153 2234 baverit.

1052 2255 1113 2283 773
1139 2254 1308 2294 Nepotum]
1338 2253 1432 2286 Quos
1448 2252 1547 2284 modo
1565 2253 1710 2290 diximus

1010 2304 1108 2334 Remi
1130 2308 1164 2334 et
1180 2304 1325 2334 Romuli.

1052 2355 1114 2383 774
1138 2353 1308 2393 Palilibus]
1338 2353 1423 2385 Quae
1441 2353 1517 2384 Pali
1535 2357 1711 2394 pastorum

1011 2405 1096 2434 Deae
1129 2408 1226 2433 erant
1255 2402 1389 2434 dicata:
1436 2413 1503 2444 quo
1534 2402 1588 2434 die
1618 2402 1711 2435 urbis

1011 2454 1128 2484 Romae
1158 2451 1377 2483 fundamenta
1411 2463 1430 2483 a
1467 2454 1573 2484 Remo
1606 2457 1711 2495 atque

1013 2504 1156 2535 Romulo
1167 2503 1264 2543 jacta
1281 2508 1370 2535 sunt.

1055 2556 1116 2583 775
1145 2552 1271 2592 Tatius]
1307 2553 1509 2584 Sabinorum
1526 2553 1595 2584 dux
1618 2562 1733 2598 &stt-¹„

1013 2604 1126 2640 rimus,
1144 2604 1200 2644 qui
1213 2609 1354 2643 propter
1365 2604 1563 2634 Sabinarum
1576 2603 1714 2644 raptum

1015 2655 1245 2695 gravissimum
1263 2653 1386 2684 bellum
1404 2653 1562 2684 Romanis
1579 2653 1724 2696 intulit3.

1016 2710 1118 2746 atque
1136 2714 1220 2745 pace
1236 2703 1328 2735 facta
1343 2704 1376 2734 iu
1399 2703 1492 2744 regni
1508 2708 1642 2745 partem
1657 2712 1713 2735 ac·

1015 2760 1135 2795 ceptus
1152 2758 1216 2786 est.

1058 2807 1120 2836 776
1167 2803 1313 2845 Tarpeia]
1354 2803 1412 2844 Sp.
1441 2802 1593 2844 Tarpeii,
1624 2802 1711 2835 arcis
