1773 3121
269 216 381 259 1738
751 225 793 254 P.
826 223 985 254 ov1D11
1018 220 1232 252 NAsoms

269 320 476 375 (Cognita
495 332 564 360 res
583 317 693 372 usu)
713 319 767 359 de
788 319 905 372 putri
925 318 1094 359 viscere
1116 315 1282 370 passim
1632 310 1718 352 365

272 388 497 440 Florilegae
519 390 760 427 nascuntur
781 400 902 440 apes.
963 385 1075 436 Quae
1097 398 1216 425 more
1238 384 1462 437 parentum

271 455 393 496 Rura
413 455 592 496 colunt:
622 454 825 507 operique
846 453 1016 504 faventg
1048 453 1093 492 in
1113 462 1321 504 spemque
1341 448 1554 489 laborant.

526 624 644 666 FAB.
677 622 880 664 XXIX.
962 621 1032 662 Ex
1060 633 1173 674 equo
1204 618 1461 660 Crabrones.

408 735 463 765 Ex
476 742 563 774 equo
579 731 773 774 putrefacto
790 732 969 763 crabrones
984 729 1074 761 nasci
1090 729 1238 770 potuisse
1254 728 1399 769 primum
1417 726 1582 767 proditur.

271 809 510 867 PRESSUS
531 826 661 866 humo
679 825 862 866 bellator
882 836 1020 878 equus
1043 822 1270 864 crabronis
1291 821 1411 873 origo
1429 823 1508 861 est.

555 1013 674 1054 FAB.
706 1012 883 1055 XXX.
944 1013 1016 1055 Ex
1039 1026 1194 1054 cancro
1217 980 1445 1066 Scorpius.

400 1113 593 1151 CANCRUM‚
609 1111 731 1142 demtis
747 1111 892 1143 brachiis
916 1112 943 1143 si
959 1116 1060 1144 terrae
1077 1112 1250 1153 subjicias,
1262 1112 1415 1153 scorpius
1430 1110 1592 1142 nascitur.

273 1187 530 1247 CONCAVA
552 1204 726 1245 littoreo
749 1205 787 1245 si
808 1204 956 1245 demas
977 1204 1154 1245 brachia
1174 1216 1331 1244 cancro
1349 1216 1360 1254 3

270 1320 377 1359 etiam,
397 1318 533 1357 defodito
549 1321 653 1349 tauros
667 1319 796 1349 delectos
802 1317 964 1357 jugulatos
986 1318 1060 1357 (res
1084 1321 1129 1348 est
1152 1321 1306 1357 comperta
1321 1316 1538 1357 experientia)
1551 1316 1724 1357 apesflori-

270 1364 346 1402 legae
361 1365 530 1393 nascuntur
544 1362 657 1401 passim
682 1363 718 1391 de
743 1361 894 1400 corruptis
917 1361 1112 1400 proecordz'z's,
1138 1371 1205 1400 quae
1227 1362 1328 1391 colunt
1344 1369 1436 1399 agros
1450 1369 1533 1390 more
1546 1363 1723 1400 parentum,

269 1409 361 1446 atque
375 1408 487 1444 urgent
502 1414 587 1444 opus,
603 1408 631 1434 et
648 1404 787 1434 laborant
801 1404 833 1434 in
848 1412 941 1443 spem.

314 1455 416 1479 xxrx.
441 1447 548 1486 Equus
564 1447 691 1477 bellator
706 1450 791 1476 terra
806 1446 931 1476 obrutus
946 1448 991 1476 est
1003 1455 1114 1486 parens
1128 1444 1296 1476 crabronis.

317 1498 401 1521 xxx.
425 1489 462 1520 Si
478 1490 568 1519 tollas
588 1489 714 1519 brachia
739 1498 832 1519 curva
853 1498 962 1518 cancro
985 1489 1121 1529 littoreo,
1142 1488 1305 1519 submittas
1321 1487 1437 1527 reliqua
1459 1490 1564 1527 terrae,
1585 1486 1723 1526 scorpius

881 1576 1111 1587 meeum

271 1631 338 1670 vel,
351 1631 493 1662 delecta.-
516 1635 566 1661 est
582 1630 670 1661 enim
687 1630 872 1661 communis
893 1630 1026 1669 generis
1049 1630 1168 1660 scrobs:
1190 1639 1266 1660 nam
1282 1630 1314 1660 iu
1337 1630 1497 1661 Thuaneo
1512 1630 1641 1670 optimo
1657 1633 1722 1668 est,

271 1675 336 1705 His
356 1684 479 1714 quoque.
524 1673 618 1704 Nihil
645 1672 803 1712 equidem
832 1672 1022 1713 evestigare
1050 1682 1195 1712 possum,
1219 1672 1306 1713 quod
1338 1674 1477 1713 propius
1507 1672 1649 1704 accedat
1678 1672 1722 1702 ad

271 1716 472 1757 scripturam
500 1720 662 1746 veterem.
688 1714 802 1746 Possis
829 1715 944 1753 etiam,
976 1715 1078 1746 scrobe
1107 1716 1256 1754 depresso.
1280 1714 1447 1746 Ausonius
1464 1715 1505 1745 ad
1531 1715 1725 1753 Paulinum,

269 1760 277 1775 ‘
295 1758 472 1799 Depressis
490 1758 664 1789 scrobibus
679 1757 798 1788 vitium
823 1757 935 1796 regale
960 1758 1114 1788 minister
1131 1757 1309 1788 Credidit!
1331 1756 1386 1788 An
1400 1757 1501 1788 scrobe
1522 1756 1663 1797 repleto?
1685 1761 1724 1788 ut

271 1802 362 1841 apud
386 1801 505 1841 virgil.
537 1801 664 1840 Georg.
690 1809 731 1831 11.
755 1802 830 1830 235.
855 1800 1051 1830 ‘scrobibus
1080 1804 1260 1839 superatur
1290 1804 1383 1831 terra
1412 1800 1573 1840 repletis.’
1608 1799 1722 1830 Heius.

271 1844 386 1883 Certe,
411 1845 542 1874 delectos
557 1846 722 1880 mactatos,
739 1843 836 1872 unico
853 1841 947 1881 qnasi
964 1842 1085 1881 spiritu
1101 1842 1225 1872 dixisse
1255 1842 1415 1873 Ovidium
1432 1852 1599 1884 nunquam
1616 1841 1724 1873 credi-

271 1885 392 1924 derim,
407 1887 489 1916 licet
516 1885 644 1915 duobus
659 1883 820 1923 epithetis
846 1892 922 1913 usos
938 1883 1117 1923 aliquando
1134 1884 1250 1923 poetas
1268 1894 1358 1923 supr.
1377 1885 1419 1914 ad
1436 1895 1484 1915 vs.
1509 1887 1582 1916 229.
1599 1884 1722 1915 videri-

271 1937 342 1958 mus
357 1939 365 1958 :
389 1931 537 1958 mactatos
553 1936 634 1956 vero
650 1935 668 1955 a
685 1925 871 1965 glossatore
901 1924 1106 1964 profectum,
1120 1926 1177 1965 qui
1202 1926 1334 1963 deiectos
1354 1927 1403 1956 ita
1419 1926 1724 1966 interpretabatur,

271 1979 347 2009 quae
376 1979 441 1999 vox
473 1968 595 1998 deinde
624 1968 658 1997 iu
697 1971 828 1997 textum
860 1967 1010 2006 reposita
1040 1967 1181 1997 aiteram
1212 1968 1417 2004 exturbavit,
1452 1978 1526 2009 qua„²
1555 1970 1726 2007 tellurem,

271 2020 335 2051 qua
351 2010 447 2041 obrui
472 2015 587 2040 taurus
603 2009 718 2047 debet,
739 2007 962 2048 significabat.
1009 2009 1093 2048 Ego,
1109 2009 1215 2040 donec
1232 2010 1351 2040 melius
1368 2015 1537 2048 occurrat,
1561 2011 1723 2051 legerem,

271 2053 294 2083 Ι
316 2053 418 2083 scrobe
442 2052 496 2083 sub
522 2055 602 2083 tecta
618 2051 748 2088 dejectos
773 2051 863 2081 obrue
890 2055 1015 2082 tauros.-
1040 2056 1167 2082 tectam
1194 2052 1282 2082 enim
1306 2052 1410 2082 tuisse
1437 2053 1591 2084 scrobem
1622 2053 1723 2084 Maro

272 2094 357 2125 dicit
384 2095 510 2133 Georg.
540 2103 590 2124 xv.
621 2096 694 2124 29-1.
720 2093 776 2124 ubi
804 2094 920 2132 plura3
955 2093 1032 2123 vide
1059 2098 1093 2124 et
1119 2095 1208 2124 Fast.
1225 2104 1247 2124 1.
1265 2097 1339 2125 377.
1369 2095 1410 2124 (le
1442 2095 1555 2135 apium
1578 2106 1621 2126 ex
1636 2095 1723 2126 bove

272 2136 443 2167 natalibus
468 2135 604 2176 seripsit
632 2136 732 2165 etiam
760 2145 855 2175 opus,
888 2135 1055 2174 Βουγονίαν
1082 2136 1221 2173 dictum,
1252 2137 1413 2167 Eumelus
1438 2137 1561 2177 poeta3
1584 2138 1626 2169 de
1657 2147 1723 2178 quo

272 2179 351 2209 vide
390 2179 432 2209 ad
469 2178 593 2209 Euseb.
631 2178 753 2209 Chron.
787 2187 892 2208 MCCL.
927 2179 1148 2218 Scaligerum.
1187 2179 1274 2209 Vide
1305 2184 1341 2210 et
1377 2178 1540 2220 Antigon.
1586 2181 1722 2220 Caryst.

271 2221 398 2252 Mirab.
415 2221 506 2252 Hist.
522 2223 575 2251 23.
594 2220 648 2251 ubi
663 2225 697 2251 et
713 2220 755 2250 de
772 2220 934 2250 similibus
948 2221 1222 2260 generationibus
1238 2222 1302 2252 alia
1318 2221 1430 2253 habet.
1446 2223 1558 2253 Burm.
1582 2223 1723 2253 Bothius

272 2264 419 2294 malebat
437 2264 532 2302 Inque
555 2264 618 2293 loco
641 2264 834 2293 lecto.-365
863 2263 1006 2293 Plurimi
1024 2263 1093 2294 visu
1110 2273 1169 2304 pro
1191 2267 1364 2296 uem—366
1392 2265 1494 2295 Multi
1510 2265 1619 2296 Codd.
1645 2274 1722 2296 cum

273 2306 406 2337 Bersm.
437 2306 618 2344 Flm-igeroe.
657 2306 786 2335 Decem
816 2305 917 2336 etiam
945 2309 1029 2337 vett.
1055 2310 1240 2343 nascentur,·
1263 2306 1354 2348 quod
1383 2307 1410 2337 si
1439 2308 1574 2347 legeris,
1605 2307 1724 2338 Heius.

272 2347 306 2378 in
323 2357 391 2389 seq.
410 2358 458 2378 vs.
475 2348 521 2378 sic
537 2348 623 2387 conj.
641 2348 682 2378 R.
696 2348 817 2378 colant:
840 2357 867 2378 ο.
881 2351 1012 2385 vacent,·
1034 2349 1067 2379 in
1077 2358 1104 2379 s.
1119 2348 1266 2380 laborent.
1281 2349 1377 2379 Leid.
1391 2350 1424 2380 z'n
1438 2359 1568 2390 speque3
1592 2353 1628 2381 at
1641 2349 1722 2381 Jun.

272 2400 457 2431 semperque.
480 2391 545 2421 Ms.
570 2390 701 2421 Bersm.
729 2389 982 2422 laborent.-368
1005 2391 1098 2422 Med.
1126 2396 1161 2421 et
1189 2391 1276 2422 Mor.
1302 2392 1404 2422 Press.
1430 2392 1527 2423 humi.
1550 2392 1633 2424 Mox
1651 2396 1722 2423 tres

924 2481 1063 2513 NOTAE

272 2558 370 2599 gilius
393 2557 493 2588 idem.
533 2556 692 2587 Ceterum
709 2556 798 2586 haud
813 2555 971 2597 equidem
1024 2554 1159 2586 mentiae
1176 2565 1251 2586 esse
1267 2555 1413 2586 videtur.

274 2607 504 2648 scio‚anneilli
515 2617 593 2637 vera
603 2606 802 2646 praedicent.
819 2607 971 2638 Plurima
1068 2607 1129 2635 367
1153 2605 1263 2645 Spem]
1292 2604 1376 2634 Tum
1392 2604 1517 2645 mellis,
1529 2607 1602 2637 tum
1615 2605 1723 2640 futuri

274 2658 363 2689 intra
384 2661 514 2687 naturae
539 2656 628 2687 vires
651 2656 878 2695 continentur,
895 2667 969 2697 quae
1024 2654 1198 2685 examinis.
1539 2658 1541 2660 ’

274 2711 402 2739 temere
418 2714 591 2747 respuere,
619 2709 656 2735 ut
680 2706 790 2736 solent
809 2707 970 2746 nonnulli,
1067 2708 1130 2736 368
1155 2704 1336 2745 embronis]
1376 2705 1506 2744 Vespas
1521 2709 1624 2746 atque
1649 2715 1721 2737 cra·

276 2758 356 2800 quia
384 2766 450 2789 non
466 2755 617 2798 capiunt,
632 2755 787 2787 maximae
813 2755 893 2787 mihi
914 2756 971 2787 de-
1024 2755 1147 2787 brones
1176 2764 1219 2787 ex
1247 2764 1409 2796 equorum
1432 2754 1597 2788 cadavere
1627 2755 1719 2789 nasci
