1773 3121
197 234 311 279 1868
684 246 724 276 P.
757 236 915 276 ov‘mu
947 243 1160 275 NAsoms

197 341 290 382 Aut
307 340 412 394 quia
433 338 626 393 placatis
645 343 746 380 sunt
766 343 969 392 tempora
988 351 1100 392 pura
1120 336 1352 392 sepulcris,

252 408 377 448 Tunc
399 420 496 448 cum
514 407 669 448 ferales
689 408 933 460 praeteriere
952 407 1059 447 dies.

199 473 339 516 Omne
357 475 496 524 nefas,
518 488 775 528 omnemque
795 475 899 516 mali
922 473 1177 528 purgamina
1197 483 1376 513 causam
1592 472 1650 514 35

255 541 503 583 Credebant
522 542 652 582 nostri
673 542 824 582 tollere
846 554 981 595 posse
1004 553 1143 581 senes,

199 607 379 650 Graecia
399 609 662 662 principium
681 610 813 650 moris
837 609 944 650 fuit:
976 609 1052 649 illa
1071 612 1281 648 nocentes

255 675 401 728 Impia
421 676 627 716 lustratos
645 689 810 730 ponere
830 676 947 717 facta
967 678 1105 729 putat.

196 740 437 783 Actoriden
458 743 638 792 Peleus,
661 744 807 797 ipsum
828 756 1000 796 quoque
1022 743 1158 782 Pelea
1177 741 1317 782 Phoci

253 809 386 851 Caede
405 824 484 862 per
504 811 764 852 Haemonias
781 812 912 851 solvit
930 810 1123 851 Acastus
1144 822 1299 863 aquas·
1594 811 1650 851 40

195 875 388 917 Vectam
407 877 601 917 fraenatis
621 891 696 929 per
715 878 841 918 inane
863 877 1126 916 draconibus
1146 877 1315 928 AEgeus

253 941 467 983 Credulus
488 944 700 984 immerita
723 942 918 983 Phasida
933 943 1053 996 juvit
1072 955 1170 995 ope.

193 1078 338 1117 placatis,
359 1081 432 1109 tunc
461 1089 527 1109 cum
548 1079 613 1109 dies
635 1078 750 1116 ferales
776 1080 1005 1120 proeterierunt.
1051 1079 1162 1109 Nostri
1189 1078 1240 1109 avi
1265 1078 1501 1110 arbitrabantur
1512 1079 1652 1120 piamina

193 1129 279 1160 posse
295 1121 394 1151 delere
409 1132 495 1152 omne
511 1121 598 1158 nefas
611 1125 702 1161 atque
718 1132 836 1153 omnem
851 1132 973 1154 causam
987 1122 1072 1153 mali.
1121 1121 1247 1153 Graecia
1261 1121 1331 1160 suit
1353 1121 1480 1152 initium
1495 1125 1654 1154 consuetu·

196 1163 299 1192 dinis:
321 1163 374 1193 illa
400 1163 612 1200 creditfontes
626 1164 771 1194 lustratos
790 1165 906 1196 absolvi
924 1165 1024 1203 factis
1039 1164 1154 1204 impiis.
1199 1164 1310 1194 Peleus
1323 1164 1511 1204 expurgavit
1527 1165 1653 1196 Actori·

195 1205 265 1242 den,
302 1205 436 1235 Acastus
464 1205 607 1236 absolvit
637 1206 732 1236 etiam
761 1216 831 1238 nece
862 1208 960 1238 Phoci
985 1207 1115 1237 Peleum
1144 1205 1242 1246 ipsum
1261 1216 1319 1246 per
1340 1217 1436 1246 aquas
1459 1207 1652 1238 Hoemonias.

196 1247 314 1286 AEgeus
331 1247 440 1284 facilis
455 1247 598 1279 liberavit
613 1248 731 1278 auxilio
747 1249 901 1280 immerito
918 1249 1056 1280 Phasida
1072 1249 1167 1279 latam
1185 1258 1242 1288 per
1255 1249 1359 1280 ae'rem
1377 1249 1562 1280 draoonibus
1570 1249 1653 1287 srae-

808 1324 941 1335 eeeeeee
947 1325 1040 1336 ‘coeo

196 1385 321 1416 quoque.
324 1378 407 1406 —33
432 1377 486 1407 Fr.
503 1380 539 1407 et
560 1376 692 1407 Amnd.
717 1377 789 1416 quia
816 1376 936 1415 pacatis
960 1379 1042 1407 sunt.
1087 1377 1171 1407 Mox
1188 1386 1271 1407 unus
1294 1377 1383 1408 Mor.
1408 1380 1500 1416 temp.
1523 1376 1653 1417 pulchra

195 1419 324 1457 sepulcr.
328 1421 409 1448 —35
438 1419 631 1457 Purgamina
650 1418 769 1449 Heius.
797 1418 892 1449 dedit
914 1427 956 1447 ex
974 1418 1169 1449 melioribus
1205 1428 1265 1458 pro
1292 1419 1382 1458 vulg.
1410 1419 1651 1458 purgamine.—

198 1462 238 1490 37
264 1460 341 1490 Fuit
358 1470 399 1490 ex
417 1470 466 1500 pr.
485 1461 572 1491 Edd.
589 1465 624 1491 et
642 1470 763 1491 novem
780 1460 858 1499 suis,
881 1464 916 1491 et
932 1460 1049 1490 decem
1076 1460 1214 1500 scriptis
1236 1459 1368 1491 Ciotan.
1394 1460 1512 1491 Heius.
1537 1462 1652 1501 placet

199 1511 268 1541 prae
294 1503 383 1541 vulg.
405 1503 590 1534 dedit.-38
612 1504 701 1534 Maz.
726 1512 801 1534 cum
829 1511 894 1532 uno
922 1501 1018 1533 Med.
1044 1512 1085 1533 ex
1110 1501 1304 1532 melioribus
1329 1507 1364 1533 et
1385 1502 1426 1531 V.
1451 1505 1562 1542 putant
1589 1513 1651 1543 pro

194 1546 383 1583 patah—39
405 1545 457 1575 Fr.
474 1546 593 1576 Auctor
608 1546 687 1576 inest
702 1546 825 1584 Peleus,
850 1549 886 1575 et
902 1553 962 1585 pro
985 1554 1054 1575 var.
1080 1545 1158 1575 lect.
1192 1545 1310 1575 Auctor
1323 1545 1414 1576 idem.
1461 1545 1551 1575 Dein
1568 1554 1653 1576 unus

200 1586 275 1616 Pat.
292 1596 377 1626 quoq.
397 1587 435 1617 P.
453 1586 667 1625 fratris—40
690 1587 821 1618 Zulich.
838 1586 1059 1618 Haemonidas:
1084 1592 1119 1618 et
1135 1587 1212 1617 lavit
1229 1597 1290 1627 pro
1314 1587 1404 1618 solt-it
1424 1596 1509 1617 unus
1533 1586 1653 1619 Heius.

197 1631 280 1660 —42
297 1629 388 1660 Juvit
407 1629 524 1660 Heius.
538 1630 681 1671 protulit
696 1639 737 1660 ex
752 1629 1071 1670 praestantioribus3
1096 1630 1184 1670 vulg.
1192 1628 1296 1667 fovit:
1319 1629 1384 1660 duo
1393 1629 1505 1667 soh-it,-
1521 1628 1652 1661 Arund.

850 1725 990 1758 NOTAE

198 1801 308 1842 perei'
325 1806 360 1832 et
374 1806 382 1818 ‘
394 1801 713 1842 Lupercalia’dicta
729 1802 807 1834 sint.
838 1801 898 1834 At-

198 1860 264 1892 que
282 1851 346 1882 ista
361 1852 474 1883 omnia
488 1862 529 1882 ex
542 1861 582 1883 eo
599 1852 680 1883 licet
694 1852 896 1884 confirmare

201 1902 290 1942 quod
318 1903 422 1933 Panis
454 1903 563 1943 imago
586 1903 725 1943 (utpote
760 1903 897 1943 lepidis-

197 1951 297 1989 sima)
313 1952 482 1982 coleretur
497 1951 598 1990 nuda,
613 1961 653 1982 ac
672 1952 780 1982 solum
798 1951 896 1991 pellis

198 2001 346 2040 caprinae
364 2001 489 2032 amictu
515 2006 621 2039 tecta,
638 2001 807 2042 quomodo
823 2001 895 2041 ejus

197 2049 401 2082 Sacerdotes
429 2051 673 2092 Lupercalibus
701 2051 894 2081 discurrere

199 2100 299 2131 soliti.

241 2152 282 2181 32
307 2150 417 2190 quue]
448 2151 547 2182 Hanc
564 2152 808 2182 lustrationem.

242 2200 373 2231 Piamen
387 2199 513 2241 habent]
543 2200 694 2232 Credunt
716 2211 789 2232 esse
806 2202 897 2242 expi-

197 2249 357 2281 ationem.

242 2303 282 2331 33
307 2301 461 2340 Ptacatz's]
486 2301 617 2331 Feralia
632 2302 732 2338 enim,
753 2302 815 2333 hoc
831 2307 896 2341 est,

199 2359 295 2381 sacra
312 2360 374 2390 pro
397 2351 549 2388 mortuis,
572 2351 758 2382 Februario
781 2361 895 2383 mense

199 2400 473 2441 peragebantur;
523 2407 558 2431 ut
596 2401 629 2431 iu
674 2402 895 2443 sequentibus

200 2451 345 2491 patebit.

243 2500 347 2541 Pura]
359 2500 432 2532 Nisi
446 2510 525 2531 vero
535 2502 775 2542 mortuisjusto
787 2502 896 2533 soluta

198 2554 324 2590 essent,
333 2552 426 2581 circa
439 2552 594 2591 sepulcra
606 2561 719 2581 errare
734 2553 866 2590 Manes,
877 2562 896 2583 a

199 2599 320 2640 quibus
344 2600 429 2630 aeris
459 2601 695 2641 intemperiem
722 2607 758 2632 et
792 2602 894 2641 pesti-

202 2649 325 2680 lentias
341 2649 432 2688 oriri,
448 2650 710 2681 arbitrabantur.

242 2702 283 2731 34
311 2699 450 2740 Ferales]
479 2700 535 2730 De
551 2701 598 2731 his
615 2701 646 2730 in
664 2700 895 2741 sequentibus.

244 2752 283 2780 37
311 2749 452 2790 Graecia]
479 2749 532 2780 Ad
547 2750 715 2780 Romanos
729 2750 863 2791 quidem
877 2759 897 2780 a

200 2799 331 2830 Graecis
353 2800 460 2831 omnis
487 2809 591 2841 prope
615 2801 766 2832 Deorum
787 2801 896 2832 cultus

951 1801 1136 1833 derivatus.
1182 1800 1229 1832 At
1241 1805 1334 1832 certe
1347 1800 1374 1840 sj
1388 1800 1488 1832 altius
1504 1803 1652 1841 repetas,

948 1851 993 1882 ad
1010 1852 1132 1882 Patres
1149 1860 1253 1892 usque
1271 1851 1457 1882 ascendere
1473 1851 1632 1883 tenearis.

993 1904 1035 1932 39
1049 1899 1235 1939 Actoriden]
1252 1900 1419 1940 Exempla
1431 1909 1547 1930 eorum
1573 1909 1652 1940 pro-

950 1949 1017 1980 fert
1033 1950 1103 1989 qui,
1121 1949 1266 1989 patratis
1281 1949 1445 1987 caedibus,
1458 1949 1653 1989 expurgati.

949 1999 1139 2030 Actoriden
1166 1998 1258 2039 quod
1279 1999 1415 2038 attinet,
1439 2008 1497 2029 seu
1528 1999 1650 2031 Patro-

950 2051 1055 2089 clum,
1083 2049 1220 2080 Actoris
1235 2054 1409 2089 nepotem,
1429 2054 1463 2080 et
1491 2050 1652 2082 Menoetii

948 2101 1066 2141 filium,
1083 2102 1286 2142 Clysonymo
1302 2111 1361 2132 seu
1373 2102 1477 2132 AEane
1492 2101 1653 2134 interfec-

952 2156 998 2187 to,
1024 2150 1065 2181 ad
1083 2151 1222 2182 Peleum
1237 2151 1271 2180 in
1296 2151 1454 2181 Phthiam
1471 2152 1577 2192 venit,
1593 2152 1651 2184 ubi

950 2207 1171 2241 expurgatus,
1184 2205 1219 2231 et
1235 2210 1310 2232 cum
1327 2200 1459 2232 Achille
1475 2201 1651 2234 educatus.

995 2251 1103 2291 Pelea]
1148 2250 1214 2283 Qui
1244 2249 1386 2281 Achillis
1416 2254 1527 2291 pater,
1555 2251 1651 2284 AEaci

950 2300 1045 2332 filius.

996 2350 1106 2390 Phoci]
1137 2351 1205 2383 Qui
1221 2351 1318 2382 Pelei
1332 2350 1450 2382 frater.

992 2404 1033 2432 40
1045 2401 1238 2442 Hoemonias]
1257 2401 1488 2441 Thessalicas;
1513 2402 1555 2433 ab
1566 2402 1649 2434 Hae·

951 2461 1004 2482 mo
1042 2456 1168 2489 monte,
1197 2451 1363 2491 proximo,
1395 2457 1455 2483 aut
1482 2452 1649 2484 Haemoue

951 2501 1170 2532 Deucalionis
1187 2500 1254 2531 filio
1269 2501 1316 2531 sic
1334 2500 1454 2532 dictas.

992 2550 1140 2590 Acastus]
1158 2551 1224 2581 Hic
1237 2551 1343 2582 Peliae
1358 2550 1446 2582 filius
1464 2553 1496 2582 in
1508 2553 1648 2593 Magne-

951 2603 1001 2633 sia
1017 2601 1202 2631 Thessaliae
1227 2610 1360 2631 annexa
1385 2610 1544 2642 regnasse
1565 2603 1647 2635 dici-

952 2657 1016 2683 tur.

993 2704 1030 2732 41
1059 2700 1170 2740 Inane]
1201 2700 1337 2732 Aerem,

995 2750 1206 2790 Draconibus]
1231 2752 1325 2784 Quos
1347 2752 1460 2783 currui
1475 2753 1647 2795 sunjunx·

950 2802 1014 2833 isse
1033 2802 1188 2834 Medeam
1204 2800 1347 2833 fabulati
1361 2807 1449 2835 sunt.
