1773 3121
253 227 366 271 1678
738 236 779 266 P.
812 235 967 265 ovrou
1000 233 1212 265 NASONIS

255 336 389 378 Hunc
404 334 535 388 jubet
553 332 721 380 AEneae‚
744 342 1032 384 quaecumque
1054 330 1248 371 obnoxia
1267 329 1411 378 morti,
1614 325 1700 367 600

254 402 468 451 Abluere3
501 404 543 440 et
563 398 699 439 tacito
717 397 879 438 deferre
899 399 980 438 sub
1002 409 1180 450 aequora
1201 409 1344 438 cursu.

256 469 464 520 Corniger
483 466 713 517 exequitur
732 463 918 505 Veneris
943 463 1174 504 mandata:
1207 464 1401 517 suisque,

257 533 482 588 Quicquid
502 533 546 573 in
566 532 706 573 AEnea
723 532 864 572 fuerat
884 531 1079 579 mortale,
1100 535 1317 583 repurgat,

256 603 313 645 Et
332 600 540 655 respergit
560 599 702 653 aquiS.
763 599 874 639 Pars
894 597 1059 650 optima
1079 597 1237 638 restitit
1255 596 1332 637 illi.

257 671 511 712 Lustratum
532 666 716 719 genitrix
736 665 888 706 divino
909 677 1069 717 corpus
1091 664 1223 704 odore

258 737 415 785 Unxit‚
437 739 477 777 et
499 734 720 775 ambrosia
740 745 838 773 cum
859 731 975 771 dulci
995 735 1168 771 nectare
1189 730 1330 770 mixta

259 803 456 855 Contigit
475 815 541 851 os,
563 801 752 853 fecitque
775 799 941 839 Deum:
974 811 1107 851 quem·
1123 799 1251 839 turba
1271 795 1441 846 Quirini

259 871 499 923 Nuneupat
519 868 784 920 Indigetem3
815 867 1066 919 temploque
1088 867 1263 919 arisque
1282 864 1459 919 recepit.

1619 660 1707 701 605.

258 1009 339 1040 libus
355 1008 528 1049 flumineis.
586 1005 669 1036 Huic
693 1006 825 1045 imperat
851 1013 1020 1044 repurgare
1040 1014 1234 1044 quoecumque
1258 1006 1367 1036 AEneoe
1388 1004 1523 1043 subjecta
1549 1003 1654 1042 morti,
1677 1005 1708 1033 et

259 1052 365 1082 rehere
380 1050 434 1081 sub
460 1049 561 1080 maria
583 1048 645 1078 leni
662 1048 766 1089 fluxu.
813 1047 965 1085 Corniger
987 1047 1111 1088 perficit
1128 1047 1218 1084 jussa
1247 1047 1386 1085 Veneris,
1411 1050 1502 1086 atque
1526 1045 1625 1076 abluit
1643 1046 1708 1075 suis

257 1094 346 1133 aquis
360 1093 503 1133 quicquid
516 1090 737 1128 AEneaefuerut
749 1090 842 1119 morti
854 1089 1029 1126 obnoxium,
1044 1093 1134 1129 atque
1148 1090 1310 1130 respergit.
1356 1090 1438 1120 Pars
1451 1089 1567 1129 optima
1581 1087 1629 1118 illi
1637 1096 1707 1127 per-

260 1136 382 1166 mansit.
428 1135 535 1165 Mater
550 1133 660 1164 imbuit
674 1141 781 1172 eorpus
804 1134 968 1170 purg-atum
984 1132 1087 1161 divino
1111 1133 1212 1171 odore,
1238 1136 1266 1162 et
1290 1132 1398 1170 tetigit
1415 1131 1535 1169 faeiem
1555 1130 1708 1160 ambrosia

261 1178 351 1208 mista
374 1187 442 1208 cum
463 1176 550 1207 suavi
566 1178 705 1206 nectare.-
728 1173 907 1213 atquefecz't
924 1173 1025 1203 Deum
1037 1183 1049 1209 ;
1071 1183 1159 1213 quem
1179 1175 1308 1214 populus
1324 1174 1482 1204 Romanus
1504 1175 1590 1204 vocat
1617 1172 1707 1203 Indi-

260 1223 372 1260 getem,
395 1223 423 1250 et
449 1218 563 1258 recepit
586 1218 618 1247 in
644 1217 757 1256 templa
771 1219 862 1255 atque
878 1216 1005 1245 altaria.

872 1288 1041 1299 ‘mvn-ee
1045 1288 1102 1299 ‘N

262 1357 357 1389 hibet
372 1360 484 1395 certus,
507 1356 596 1387 unde
613 1356 668 1386 ille
692 1354 838 1386 faciebat
864 1357 986 1394 septus:
1008 1354 1066 1384 sed
1089 1354 1230 1385 Bothius
1260 1355 1362 1385 cintus
1388 1364 1448 1394 pro
1475 1354 1707 1385 cinctae—601

264 1401 369 1432 Gron.
382 1400 451 1431 Ma.
468 1403 503 1430 et
520 1399 585 1429 duo
603 1399 659 1429 alii
675 1402 704 1429 et
721 1399 791 1428 loeto
806 1396 866 1435 def.
891 1407 942 1436 pr.
961 1397 1089 1427 Bonon.
1113 1400 1214 1428 tecto:
1239 1398 1416 1436 Laugerm.
1441 1406 1508 1427 seco
1533 1405 1595 1435 pro
1619 1405 1709 1427 crece.

262 1445 367 1474 —604
391 1442 460 1472 Alii
476 1446 505 1472 et
521 1443 676 1481 respersit.
722 1440 841 1471 Heius.
859 1439 1073 1469 scribendum
1091 1444 1209 1470 censet
1235 1439 1368 1479 detergit
1393 1439 1547 1479 ἀρχαϊκῶς
1573 1447 1633 1479 pro
1659 1439 1711 1468 de-

261 1489 374 1526 terget,
395 1490 433 1516 ut
450 1484 574 1525 passim
591 1483 821 1524 poetae.—607
845 1482 924 1512 Bas.
941 1481 1020 1511 turb.
1039 1482 1320 1517 Quiritum—608
1344 1482 1464 1514 Quart.
1477 1480 1571 1512 Med.
1586 1480 1628 1519 Y.
1645 1480 1712 1512 Be-

920 1574 1059 1605 NOTAE

266 1654 337 1679 tum
354 1648 433 1679 vitae
452 1657 520 1679 suae
537 1647 740 1679 curriculum
765 1657 805 1678 eo
822 1652 960 1678 conten-

264 1699 359 1729 dunt.
426 1699 494 1728 Per
530 1699 633 1728 solam
669 1697 737 1728 Dei
774 1698 961 1728 miserentis

265 1747 433 1786 Gratiam,
449 1747 503 1778 cui
519 1748 581 1778 soli
597 1752 665 1778 stat
680 1748 798 1778 Gloria
814 1748 847 1778 in
863 1758 961 1778 omne

266 1807 388 1837 aevum,
403 1797 442 1828 fit
458 1798 560 1828 istud.
599 1797 647 1829 At
663 1797 702 1829 fit
719 1803 845 1837 tamen,
858 1798 961 1838 idque

1019 1649 1106 1679 enim
1145 1649 1280 1689 saepius,
1311 1652 1452 1689 propter
1480 1648 1712 1689 divergentem

1019 1707 1166 1737 cursum,
1180 1697 1289 1729 fluviis
1304 1708 1430 1729 cornua
1445 1697 1557 1729 tribui.

1061 1750 1123 1778 604
1149 1747 1293 1788 Optima]
1310 1747 1444 1787 Anima,
1458 1747 1604 1787 scilicet,
1620 1745 1716 1778 efflu-

1021 1797 1110 1827 vium
1137 1797 1358 1835 Divinitati23
1381 1797 1477 1838 cujus
1503 1797 1633 1828 utinam
1657 1795 1717 1827 ali·

265 1848 308 1878 ab
324 1856 363 1879 eo
380 1857 442 1888 per
458 1857 527 1887 nos²
543 1857 602 1888 per
616 1852 763 1878 nostram
774 1847 888 1884 fidem,
903 1855 963 1885 per

266 1903 385 1929 nostra
412 1907 535 1936 opera:
559 1905 669 1936 neque
697 1896 779 1925 alios
803 1894 963 1925 adhibere

267 1947 370 1987 possit
382 1947 437 1986 qui
446 1946 626 1984 Christum,
635 1945 791 1975 meritum
800 1948 964 1983 nostrum,

267 2006 328 2037 pro
344 1996 439 2026 nobis
458 1995 610 2026 induant.

310 2049 373 2077 600
397 2046 507 2085 Ηιιησ]
545 2045 686 2075 Scilicet
719 2053 781 2084 per
806 2048 963 2082 mortem,

270 2095 430 2137 quicquid
446 2095 545 2125 morti
560 2094 741 2125 obnoxium
756 2093 963 2133 deponimus.

270 2147 394 2187 Neque
407 2154 526 2175 revera
538 2148 588 2175 est
603 2153 689 2174 mors
701 2153 799 2184 quam
812 2143 964 2183 plerique

269 2196 427 2227 mortales
464 2195 595 2225 timent.
664 2194 746 2233 Ejus
784 2198 835 2224 est
874 2194 965 2223 larva

271 2249 414 2276 tantum.
431 2244 498 2275 Sed
511 2244 609 2283 enim,
621 2244 707 2274 bone
719 2244 831 2274 Deus!
849 2243 964 2283 quales

270 2299 348 2326 sunt
371 2295 412 2325 de
437 2295 518 2333 vita,
544 2294 586 2324 de
607 2298 726 2332 morte,
753 2293 795 2323 de
822 2303 965 2332 corpore

271 2354 343 2384 suo,
369 2343 411 2375 de
436 2344 506 2384 ejus
534 2343 791 2380 resurrectione,
818 2343 858 2374 de
892 2353 967 2374 sex·

271 2393 380 2425 centis
410 2393 654 2433 hujuscemodi,
677 2403 742 2423 non
766 2393 875 2424 dicam
899 2393 967 2424 bel-

272 2444 413 2483 luarum,
424 2444 482 2474 sed
495 2443 670 2474 ductorum
681 2444 728 2474 uti
741 2443 845 2474 videri
855 2445 969 2474 volunt

274 2493 481 2534 quorundam
519 2493 712 2533 opiniones!
759 2493 789 2523 0
825 2494 969 2524 insulsis-

275 2543 374 2574 simos
388 2548 488 2584 atque
512 2543 545 2573 in
566 2543 685 2583 supina
706 2553 762 2573 suu
779 2543 969 2583 ignorantia

276 2593 564 2633 pervicacissimos
575 2593 738 2623 homiues!
767 2592 870 2632 Atqui
885 2594 969 2631 peri-

277 2643 388 2674 culum
412 2648 465 2674 est
491 2643 532 2673 ab
556 2642 618 2672 illis
645 2642 836 2680 maximum,
854 2642 879 2672 si
897 2643 969 2683 quis

274 2694 407 2724 illorum
442 2693 589 2734 hispidas
626 2697 713 2723 setas
754 2693 806 2722 vel
849 2693 971 2723 leviter

278 2746 409 2782 tangat.

319 2794 383 2823 602
408 2791 576 2833 Corniger]
601 2792 786 2825 Numicius.
816 2793 970 2826 Diximus

1020 1854 1119 1884 quem
1147 1855 1278 1876 sensum
1309 1847 1476 1877 haberent
1499 1850 1552 1878 tot
1578 1846 1718 1885 larvati,

1019 1902 1077 1922 seu
1098 1895 1210 1932 potius
1232 1904 1328 1925 coeno
1349 1895 1474 1935 obruti,
1489 1896 1624 1927 nomine
1647 1899 1717 1927 tan·

1019 1948 1088 1973 tum
1106 1943 1268 1976 homines.

1061 1996 1124 2024 606
1147 1995 1325 2035 Ambrosia]
1348 1995 1432 2027 Quae
1449 1996 1542 2026 cibus
1563 2000 1615 2027 est
1627 1996 1717 2028 Deo-

1020 2054 1092 2074 rum
1133 2044 1417 2084 jucundissimus3
1469 2046 1557 2077 sicut
1599 2050 1718 2078 nectar

1020 2094 1201 2124 eorundem
1219 2100 1319 2134 potus
1332 2096 1557 2128 suavissimus.
1580 2096 1718 2127 Utrum-

1020 2154 1084 2184 que
1096 2144 1382 2176 immortalitatem
1393 2145 1719 2187 siguificat,etsaepe

1020 2192 1283 2225 confunduntur.

1062 2246 1122 2274 607
1138 2244 1280 2284 Quirini]
1305 2245 1439 2276 Romuli
1453 2256 1460 2276 τ
1475 2254 1574 2286 quem
1585 2245 1619 2276 in
1631 2246 1717 2278 coelo

1022 2294 1198 2326 Quirinum
1213 2296 1323 2325 vocari
1337 2296 1471 2336 scripsit
1484 2296 1613 2327 Florus.
1656 2295 1719 2328 At-

1023 2352 1088 2382 que
1106 2352 1167 2381 per
1182 2353 1255 2373 eum
1274 2344 1414 2376 Romani
1431 2345 1677 2385 intelliguntur.

1065 2394 1128 2423 608
1152 2393 1339 2434 Indigetem]
1378 2395 1471 2427 Quos
1500 2404 1559 2425 sua
1586 2395 1718 2435 merita,

1025 2447 1061 2474 ut
1077 2442 1186 2483 inquit
1201 2443 1344 2481 Tunius,
1361 2445 1393 2473 in
1411 2444 1530 2474 coelum
1555 2449 1721 2476 vocarunt

1024 2498 1056 2522 et
1076 2492 1151 2522 Diis
1177 2493 1418 2533 ascripserunt,
1442 2495 1502 2532 illi,
1519 2494 1622 2534 quod,
1637 2497 1719 2527 ante

1024 2543 1057 2574 iu
1088 2542 1186 2573 terris
1217 2548 1371 2582 agentes,
1405 2553 1491 2573 nunc
1517 2543 1638 2574 nullius
1668 2536 1720 2575 1·ὲί

1024 2597 1161 2632 egentes
1187 2592 1219 2622 in
1247 2593 1324 2622 Diis
1355 2597 1508 2630 agerent,
1544 2591 1718 2633 Indigetes

1024 2643 1106 2674 dicti
1121 2647 1209 2673 suut.

1069 2693 1100 2723 T
1098 2691 1208 2732 emplo]
1262 2690 1377 2722 AEneae
1415 2696 1573 2732 tanquam
1611 2691 1719 2725 Heroi

1026 2742 1136 2775 Latini
1153 2741 1312 2774 sacellum
1330 2741 1540 2773 dicaverunt.
