1773 3121
211 237 324 280 2298

694 246 735 276 P.
768 246 926 277 OVIDH
959 247 1171 278 NASONJS

213 341 355 392 Quam
377 343 560 382 subeant
579 341 724 382 animo
744 343 988 384 meritorum
1009 343 1174 384 oblivia
1192 346 1339 385 nostro
1356 356 1366 383 z

270 410 323 449 Et
343 410 475 462 longa
495 409 635 462 pietas
656 408 838 451 excidat
856 411 940 451 ista
959 410 1044 452 die.

214 475 271 515 Di
295 476 371 515 tibi
393 475 479 516 sint
498 474 651 516 faciles
671 489 681 526 ;
711 480 755 517 et
772 475 871 529 opis
890 477 1049 518 nullius
1069 480 1262 530 egentem

270 542 506 583 Fortunam
525 546 749 596 praestent,
775 543 1117 598 dissimilemque
1136 557 1262 586 meae.

211 609 258 649 Si
280 616 421 650 tamen
441 610 536 652 haec
556 611 686 652 navis
706 617 837 652 vento
857 613 1032 654 serretur
1053 613 1224 663 amico;

266 676 541 731 ignoraretur
559 679 740 720 forsitan
760 679 844 720 ista
863 680 986 721 fides.

208 744 382 786 Thesea
401 745 624 787 Pirithous
642 759 727 786 non
748 750 836 786 tam
857 747 1068 787 sensisset
1088 745 1289 796 amicum,

265 812 313 852 Si
334 824 419 851 non
439 812 628 852 infernas
647 812 775 851 vivus
796 811 961 851 adisset
980 824 1132 864 aquas.

210 877 271 919 Ut
290 878 400 919 foret
419 878 670 931 exemplum
693 877 787 918 veri
808 876 1017 918 Phoceus
1037 877 1210 927 amoris,

269 944 483 986 Fecerunt
505 944 668 995 Furiae,
690 945 826 985 tristis
847 943 1020 994 Oresta,
1048 947 1150 985 tuae.

209 1013 258 1053 Si
279 1026 366 1053 non
388 1012 605 1066 Euryalus
626 1011 819 1052 Rutulos
842 1011 1073 1052 cecidisset
1093 1011 1136 1051 in
1154 1012 1299 1053 hostes
1316 1024 1328 1063 ;

266 1079 525 1133 Hyrtacidae
554 1079 670 1120 Niso
689 1079 826 1132 gloria
845 1079 961 1120 nulla
981 1079 1104 1120 foret.

209 1146 386 1189 Scilicet
404 1152 454 1188 ut
473 1147 639 1187 fulvum
661 1150 882 1201 spectatur
901 1147 947 1188 in
967 1147 1138 1199 ignibus
1157 1158 1322 1196 aurum,

1604 1145 1661 1189 25

264 1214 486 1267 Tempore
506 1213 570 1254 sic
591 1213 698 1254 duro
718 1217 786 1254 est
806 1212 1081 1267 inspicienda
1099 1211 1224 1253 fides.

210 1344 360 1383 relinquet
379 1353 446 1373 ossa
462 1343 495 1372 in
509 1352 583 1381 rogo
597 1342 707 1379 calido,
723 1351 814 1381 quam
828 1341 941 1372 oblivia
957 1342 1121 1382 officiorum
1143 1345 1266 1371 tuorum
1289 1342 1435 1373 invadant
1451 1345 1582 1374 mentem
1595 1352 1663 1374 nos·

208 1390 302 1423 tram,
326 1388 356 1415 et
370 1386 428 1415 iste
443 1394 528 1414 umor
542 1384 667 1414 excidat
691 1364 782 1421 z'ongo
797 1386 944 1422 tempore.
988 1383 1049 1414 Dii
1062 1383 1126 1413 sint
1143 1382 1201 1414 tibi
1213 1381 1357 1422 propitii,
1377 1387 1408 1413 et
1422 1383 1575 1422 praebeoent
1595 1395 1660 1415 sor·

208 1433 269 1457 tem
285 1427 368 1458 nulla
390 1436 423 1457 re
439 1430 589 1466 egentem,
613 1429 704 1465 atque
717 1425 872 1465 disparem
887 1435 970 1456 meae.
1016 1425 1053 1456 Si
1078 1428 1182 1456 tomen
1195 1424 1260 1455 haec
1278 1424 1365 1455 nac-is
1389 1425 1552 1456 veheretur
1572 1430 1661 1457 vento

206 1471 348 1509 secundo,
369 1469 458 1507 sorte
473 1469 537 1500 hoec
551 1469 644 1516 fides
650 1478 709 1498 non
733 1471 811 1498 esset
831 1472 1001 1508 perspecto.
1048 1467 1211 1498 Pirithous
1230 1477 1289 1498 non
1311 1471 1456 1508 expertus
1481 1471 1559 1498 esset
1588 1467 1664 1499 The-

206 1523 290 1544 seum
304 1516 369 1543 tam
380 1512 523 1549 amicum,
539 1511 600 1542 nisi
615 1510 702 1541 titus
713 1510 855 1541 subiisset
878 1521 972 1550 aquas
987 1510 1128 1559 Stygias.
1173 1510 1281 1542 Furioe
1296 1512 1371 1549 tuae,
1385 1511 1517 1541 luctuose
1534 1511 1661 1559 Oresio,

200 1554 359 1592 fecerunt,
376 1558 411 1584 ut
428 1555 576 1585 Phocoeus
599 1556 676 1584 esset
698 1554 869 1593 exemplum
883 1553 998 1584 sinceri
1011 1553 1136 1583 amoris.
1182 1552 1255 1583 Nisi
1277 1552 1432 1593 Euryalus
1444 1553 1638 1584 decenisset'
1628 1563 1661 1584 m

207 1598 307 1628 hostes
322 1597 463 1637 Rutulos,
478 1596 561 1627 nullo
577 1599 655 1627 esset
671 1596 739 1626 laus
757 1596 835 1626 Niso
852 1596 1053 1636 Hyrtacidoe.
1099 1595 1269 1634 Nimirum,
1284 1594 1448 1635 utflatum
1470 1605 1579 1626 aarum
1592 1606 1662 1636 pro-

209 1639 302 1671 batur
317 1640 349 1670 z'n
364 1639 555 1680 ignibus,sic
571 1639 656 1681 fides
683 1642 728 1669 est
754 1640 921 1679 spectanda
945 1642 1079 1678 tempore
1105 1640 1244 1670 adterso.
1286 1637 1373 1669 Dum
1385 1638 1462 1668 utile
1477 1642 1534 1679 est,
1548 1642 1578 1669 et
1585 1637 1660 1676 for-

816 1735 972 1747 “coeo-ee
977 1735 1032 1746 m
1017 1733 1054 1745 ιο

210 1803 250 1831 12
274 1801 370 1831 L'nus
398 1797 482 1832 Cod.
504 1801 537 1830 in
566 1799 706 1848 tepidos..
711 1808 821 1838 ..rogos
822 1801 907 1829 —14
930 1799 1026 1829 Unus
1048 1797 1168 1828 Heius.
1200 1797 1245 1828 Et
1271 1798 1360 1836 longo
1384 1796 1460 1837 piet.
1463 1799 1547 1828 —17
1571 1796 1658 1829 Tres

208 1843 330 1882 scripti
345 1846 425 1874 2·.ent
433 1842 596 1881 frueretur
611 1844 699 1873 amic.
702 1845 784 1873 —21
809 1841 878 1873 Alii
895 1841 1046 1871 scribunt
1062 1840 1222 1871 Phocoeus.
1226 1842 1310 1871 —22
1334 1839 1475 1870 Plurimi
1494 1840 1614 1870 Oreste.
1617 1857 1661 1864 —

207 1888 249 1916 23
274 1886 435 1917 Francius
450 1885 600 1916 malebat
624 1886 664 1916 R.
680 1885 786 1915 ivisset
802 1885 836 1915 in
850 1884 928 1914 host.
931 1886 1016 1914 ——24
1040 1883 1119 1914 Niso
1137 1892 1179 1913 ex
1196 1882 1302 1913 tribus
1315 1882 1431 1913 libris:
1455 1882 1512 1912 alii
1531 1882 1614 1913 Nisi.
1616 1899 1660 1905 —

208 1931 250 1959 26
273 1929 335 1960 Be.
353 1933 387 1960 et
402 1938 486 1960 unus
502 1929 623 1960 Heius.
639 1931 683 1959 est
703 1927 913 1967 conspicienda
929 1925 991 1968 βά.
1016 1931 1052 1957 et
1077 1926 1125 1957 ita
1149 1924 1288 1956 laudare
1306 1924 1462 1956 Viucent.
1485 1925 1659 1956 Bellovac-

860 2021 1007 2055 NOTAE

208 2110 341 2131 moriar.

251 2152 290 2180 17
318 2149 431 2189 Navis]
456 2151 524 2181 Per
539 2151 663 2189 navim,
682 2150 786 2180 vitam
802 2155 903 2189 atque

209 2199 360 2230 fortunas
386 2199 504 2230 Po'ettae
521 2200 685 2239 intellige.
729 2199 904 2238 Allegoria

208 2254 272 2281 est.

253 2302 293 2330 19
317 2297 446 2338 Thesea]
485 2297 552 2328 Hie
584 2296 679 2336 AEgei
709 2295 797 2327 filius
827 2305 902 2326 cum

208 2349 363 2380 Pirithoo
378 2348 506 2379 Ixionis
521 2347 600 2386 filio,
624 2346 842 2387 Proserpinae
859 2346 906 2376 illi

207 2399 240 2431 in
258 2409 396 2430 uxorem
409 2397 580 2439 rapiendae
595 2406 706 2436 causa,
717 2397 758 2427 ad
773 2396 906 2427 Inferos

211 2450 408 2481 descendit:
437 2450 532 2489 cujus
550 2448 698 2479 amicitia
714 2448 747 2479 in
764 2447 907 2478 Prover-

209 2499 300 2531 bium
318 2499 412 2530 abiit.

253 2553 292 2582 21
320 2550 471 2590 Phoceus]
500 2549 648 2590 Pylades
675 2554 741 2589 est,
757 2549 907 2589 Strophii

212 2601 398 2633 Phocensis
424 2599 522 2634 filius,
550 2599 773 2630 indissolubili
797 2598 907 2629 amici-

211 2651 269 2682 tiae
288 2650 418 2681 vinculo
438 2659 514 2681 cum
536 2649 661 2680 Oreste
684 2650 905 2689 conjunctus3

213 2701 269 2741 qui
294 2699 403 2739 furiis,
425 2700 467 2730 ob
496 2700 767 2740 Clytaemnestrae
790 2699 907 2729 matris

213 2760 343 2790 necem,
356 2752 518 2791 agitatum
530 2750 671 2781 amicum
684 2750 731 2781 ita
743 2759 908 2790 nusquam

214 2801 377 2842 deseruit,
389 2806 427 2833 ut
438 2811 499 2843 pro
512 2811 552 2834 eo
567 2800 654 2834 mori
666 2799 754 2843 apud
765 2799 908 2833 Colchos

957 2107 1025 2128 non
1041 2097 1260 2129 dubitaverit.
1305 2098 1502 2138 Quanquam
1525 2090 1657 2137 Iphige-

957 2148 1022 2178 niae
1039 2148 1163 2178 auxilio
1179 2152 1321 2188 uterque
1336 2145 1470 2177 liberati
1487 2150 1577 2176 sunt.

999 2199 1041 2227 24
1080 2196 1175 2235 Niso]
1219 2195 1378 2234 Trojanus
1417 2193 1551 2234 quidam
1579 2193 1660 2235 fuit,

957 2245 1396 2284 Hyrtacifilius,Virgiliano
1403 2245 1548 2276 carmine
1557 2247 1659 2277 notis-

960 2294 1135 2334 simus,qui
1152 2293 1339 2324 arctissimo
1352 2303 1483 2334 quoque
1499 2294 1565 2326 fuit
1576 2295 1658 2326 ami·

959 2344 1049 2375 citiae
1062 2344 1195 2375 vinculo
1203 2353 1278 2374 cum
1289 2344 1436 2383 Euryalo
1443 2344 1520 2385 conj
1527 2349 1658 2377 unctus.

962 2396 1008 2428 Hi
1021 2396 1087 2427 duo
1099 2405 1181 2427 vero
1192 2396 1391 2427 Rutulorum
1405 2401 1520 2427 castra
1530 2396 1658 2437 ingres-

961 2449 988 2479 si
1017 2453 1107 2487 sunt,
1147 2457 1334 2488 magnaque
1364 2447 1509 2478 hostium
1543 2453 1658 2489 strage

962 2499 1067 2536 edita,
1092 2509 1168 2530 cum
1195 2499 1250 2529 die
1278 2498 1483 2529 adventante
1505 2508 1580 2529 sese
1607 2509 1658 2530 re-

962 2550 1129 2590 ciperent,
1147 2549 1180 2579 in
1201 2549 1333 2579 illorum
1349 2548 1542 2580 inciderunt
1564 2549 1658 2590 equi-

962 2604 1084 2639 tatum,
1101 2610 1120 2630 a
1142 2608 1208 2640 quo
1220 2598 1470 2630 circumventus
1482 2599 1658 2639 Euryalus.

961 2651 1024 2681 Ille
1041 2660 1117 2682 com
1135 2649 1277 2680 amicum
1292 2658 1358 2679 non
1383 2653 1497 2689 posset
1511 2648 1657 2689 eripere,

962 2700 1157 2732 certissimae
1173 2709 1246 2729 sese
1256 2698 1376 2729 maluit
1391 2698 1659 2739 mortiobjieere,

962 2754 1137 2791 totumque
1171 2748 1298 2780 facinus
1340 2749 1375 2779 in
1411 2758 1449 2781 se
1491 2748 1658 2790 derivare,

963 2810 1063 2843 quam
1078 2803 1217 2843 captum
1231 2799 1400 2833 deserere.
