1773 3121
415 582 492 640 P.
549 581 845 640 OVIDII
903 582 1294 645 NASONIS

328 801 1372 880 TRISTIUM

670 1041 939 1090 LIBER
991 1041 1039 1089 Ι.

641 1431 959 1479 ELEGIA
1015 1431 1062 1478 I.

677 1576 1030 1609 ARGUMENTUM.

118 1672 198 1705 PER
215 1671 494 1714 Prosopopoeiam
511 1670 588 1702 exul
606 1675 641 1702 et
658 1669 776 1701 infelix
794 1670 903 1701 PoGta
918 1670 1039 1701 librum
1054 1679 1150 1701 suum
1165 1669 1336 1711 admonet,
1349 1675 1386 1703 ut
1402 1681 1420 1704 e
1437 1672 1576 1715 Scythia

160 1727 203 1759 ad
221 1726 349 1759 Urbem
365 1725 594 1768 profecturus,
610 1735 650 1756 eo
666 1725 782 1756 habitu
796 1725 952 1765 accedat,
969 1735 1034 1766 quo
1051 1726 1166 1757 exules
1180 1732 1342 1759 utuntur:
1367 1728 1574 1770 mandatque

161 1779 244 1822 quid
262 1779 346 1811 velit
362 1778 560 1820 responderi
577 1779 839 1817 sciscitantibus,
853 1778 933 1819 quid
949 1779 1020 1820 ipse
1037 1783 1124 1820 agat.
1162 1781 1276 1812 Docet
1292 1781 1389 1812 simui
1406 1781 1575 1823 quomodo

160 1843 196 1865 se
209 1837 363 1872 excuset,
375 1833 403 1864 si
419 1832 507 1864 forte
523 1833 674 1864 carmina
686 1833 758 1864 haec
773 1833 903 1863 minora
918 1833 1123 1865 videbuntur
1134 1834 1205 1875 ejus
1224 1835 1370 1875 iugenio.
1395 1835 1574 1866 Postremo

152 1887 266 1929 jubet,
283 1891 320 1918 ut
335 1887 506 1918 Palatium
523 1887 643 1926 evitet,
662 1886 751 1917 unde
768 1885 897 1917 fulmen
915 1887 1072 1919 emissum
1089 1888 1122 1918 in
1138 1897 1173 1919 se
1186 1887 1286 1919 fnisse
1303 1892 1556 1920 commemorat.

117 1973 327 2041 PARVE,
356 1990 456 2045 (nec
476 1989 689 2044 invideo)
719 1990 811 2030 sine
832 2003 917 2039 me,
941 1990 1085 2040 Liber,
1109 1991 1195 2032 ibis
1218 1992 1260 2032 in
1282 1991 1474 2032 Urbem:

171 2057 286 2112 (Hei
305 2059 409 2099 mihi
424 2057 455 2112 !)
499 2071 586 2113 quo
607 2057 783 2098 domino
805 2070 890 2097 non
917 2057 1020 2098 licet
1038 2059 1099 2099 ire
1121 2063 1212 2100 tuo.

113 2123 255 2174 Vade,
276 2126 353 2166 sed
376 2126 594 2177 incultus;
627 2125 800 2178 qualem
823 2125 946 2165 decet
966 2125 1110 2165 exulis
1130 2138 1243 2165 esse.

170 2191 349 2243 Infelix,
371 2193 570 2234 habitum
591 2194 802 2246 temporis
823 2192 953 2246 hujus
974 2193 1100 2233 habe.

155 2301 222 2334 Hei
245 2302 347 2334 mihi!
370 2302 498 2338 Libone,
514 2301 718 2341 proficissceris
735 2302 766 2331 in
786 2300 901 2332 Urbem
926 2301 992 2331 sine
1018 2311 1075 2339 me,
1103 2302 1220 2342 (neque
1246 2301 1407 2341 (rutulam)
1431 2312 1488 2342 quo
1512 2313 1570 2333 non

107 2345 282 2376 conceditur
297 2345 408 2374 vadere
423 2344 545 2374 domino
558 2348 622 2373 tun.
670 2343 841 2380 macedan,
856 2344 909 2373 sed
925 2345 1090 2383 neglectus,
1105 2345 1222 2383 qualem
1236 2345 1321 2375 decet
1338 2355 1401 2375 esse
1419 2345 1570 2376 libellum

106 2386 249 2428 profugi.
298 2387 514 2425 Misenindue
529 2386 667 2417 habitum
689 2386 778 2425 hujus
804 2387 963 2425 temporis.
1012 2387 1117 2427 Neque
1142 2387 1279 2417 vaccinia
1295 2390 1400 2426 tegant
1429 2391 1458 2418 te
1485 2398 1571 2420 succo

725 2459 958 2471 eeeeeeeeeeee

154 2506 174 2536 2
199 2506 267 2541 Quo
283 2505 385 2537 estin
403 2505 602 2547 quibusdam
622 2505 729 2537 Codd.
758 2506 814 2537 alii
839 2507 930 2547 quod,
954 2507 1008 2538 vel
1024 2511 1168 2538 curm—5
1199 2506 1282 2538 Fuco
1300 2506 1418 2538 Heius.
1440 2507 1571 2548 recepit

775 2592 912 2623 NOTAE

158 2654 324 2695 Triuiam]
348 2656 436 2687 Quia
453 2667 471 2687 a
489 2657 575 2688 tristi
593 2662 695 2698 atque
714 2657 813 2688 exule
869 2657 1035 2699 siquidem
1063 2662 1097 2689 et
1124 2657 1155 2687 in
1185 2655 1403 2697 sequentibus
1426 2654 1568 2686 I’o'otmu

113 2705 224 2737 Poeta
253 2706 462 2746 conscripti3
487 2708 731 2750 materiamque
758 2708 813 2740 lia-
869 2708 986 2740 audies
1012 2708 1053 2739 ad
1079 2708 1161 2738 alios
1186 2707 1288 2736 libros
1317 2704 1420 2735 verba
1444 2703 1568 2735 facien-

113 2755 196 2787 bent
213 2754 357 2786 tristem.
869 2763 950 2790 teni.

156 2809 172 2838 1
196 2804 306 2846 Liber]
341 2805 444 2839 Hunc
469 2807 614 2848 primum
638 2809 812 2850 intellige;
910 2812 929 2839 ³
961 2810 1075 2850 Decet]
1124 2806 1254 2838 nahita
1288 2805 1420 2838 ratione
1448 2810 1568 2847 status,
