1773 3121
279 224 392 267 2068
762 236 805 267 P.
838 236 995 267 ovmn
1028 237 1242 268 NAsoms

280 332 590 384 Mutantesque
609 329 783 371 domum
803 332 932 372 tectis
953 332 1194 384 agrestibus
1212 333 1370 386 ignem,

338 399 393 439 Et
414 402 645 440 cessaturae
663 399 950 452 supposuisse
972 401 1120 441 casae'?

278 468 362 509 Per
383 468 584 508 flammas
606 465 791 506 saluisse
809 479 960 519 pecus,
983 467 1170 508 saluisse
1192 467 1410 509 colonos?
1638 469 1724 511 805

336 534 467 584 Quod
487 533 536 573 fit
555 532 688 573 natali
705 545 818 573 nunc
839 546 1031 586 quoque,
1054 533 1213 584 Roma,
1234 539 1324 576 tuo.

279 604 380 657 Ipse
400 603 523 642 locus
545 612 704 642 causas
725 601 816 641 vati
835 601 954 642 facit.
1015 601 1149 642 Urbis
1169 603 1287 655 origo

335 669 470 710 Venit
487 682 496 708 :
530 668 636 708 ades
658 667 792 717 festis,
813 681 968 720 magne
989 668 1186 719 Quirine,
1206 670 1310 710 tuis.

274 738 301 777 J
309 750 379 778 am
399 737 538 777 luerat
558 748 716 788 poenas
736 736 866 776 frater
889 736 1150 785 Numitoris,
1171 740 1212 776 et
1229 749 1353 777 omne

333 804 568 844 Pastorum
589 802 759 853 gemino
783 803 865 841 sub
888 802 997 841 duce
1019 803 1174 854 vulgus
1195 807 1299 844 erat.
1637 804 1721 847 810

274 871 535 912 Coutrahere
555 871 763 921 agrestes,
784 873 828 907 et
847 869 1014 907 moenia
1032 881 1190 921 ponere
1209 871 1382 923 utrique

330 937 557 979 Convenit.
616 933 867 987 Ambigitur
887 934 1054 974 moenia
1074 939 1208 987 ponat
1228 938 1334 976 uter.

272 1005 353 1046 Nil
373 1016 487 1057 opus
508 1005 588 1051 est,
611 1001 740 1049 dixit,
763 1002 1011 1053 certamine,
1034 1000 1264 1052 Romulus,
1281 1002 1387 1044 ullo.

328 1072 495 1125 Magna
514 1070 624 1110 fides
647 1069 791 1109 avium
814 1074 905 1109 est:
939 1069 1215 1123 experiamur
1235 1083 1356 1110 aves.

273 1140 366 1181 Res
384 1138 543 1193 placet.
603 1135 729 1177 Alter
747 1137 826 1176 init
845 1136 1065 1176 nemorosi
1082 1148 1195 1177 saxa
1215 1136 1390 1178 Palati:
1636 1138 1722 1180 815

326 1206 450 1247 Alter
467 1204 729 1245 Aventinum
749 1216 874 1243 mane
895 1216 1101 1243 cacumen
1121 1203 1226 1244 adit.

269 1304 372 1344 Atque
388 1303 555 1341 migrantes
568 1301 688 1332 sedibus
702 1301 877 1331 submisisse
893 1301 996 1340 ignem
1011 1301 1149 1332 domibus
1171 1301 1311 1340 rusticis,
1327 1305 1358 1332 et
1382 1301 1519 1340 tuguriis
1532 1301 1720 1336 inutilibus?

271 1348 371 1378 Pecus
384 1346 509 1376 saluisse
531 1354 588 1383 per
602 1345 700 1382 ignes,
715 1345 834 1373 colonos
848 1344 976 1374 saluisse
987 1343 1003 1375 2
1049 1345 1138 1378 Quod
1150 1344 1195 1384 fit
1210 1354 1289 1374 nunc
1305 1344 1399 1374 etiam
1414 1347 1466 1374 tuo
1481 1345 1590 1381 natali,
1608 1345 1720 1378 Roma.

269 1391 340 1429 Ipse
366 1391 446 1418 locus
469 1387 584 1425 praebet
609 1395 715 1415 causas
741 1386 862 1416 Poetoe.
910 1386 1008 1423 Origo
1039 1386 1133 1416 Urbis
1155 1386 1259 1416 venit:
1282 1396 1391 1424 magne
1419 1386 1562 1426 Quirine,
1583 1387 1653 1418 ceni
1677 1389 1719 1419 ad

261 1432 348 1468 festa
361 1434 425 1460 tua.
472 1429 585 1458 Frater
602 1428 777 1457 Numitoris
793 1427 864 1464 jam
888 1428 1075 1466 pependerat
1088 1437 1203 1466 pamas,
1219 1431 1249 1457 et
1265 1437 1351 1457 omne
1369 1428 1476 1466 tulgus
1489 1433 1557 1459 erat
1578 1430 1632 1460 sub
1645 1431 1721 1461 duce

266 1473 404 1512 gemello.
455 1472 589 1510 Uterque
605 1469 726 1503 co‘e'unt,
742 1473 775 1499 ut
790 1469 822 1498 in
839 1479 931 1499 unum
946 1473 1056 1508 cogant
1072 1469 1212 1506 rusticos,
1228 1472 1257 1499 et
1271 1473 1411 1500 statuant
1428 1480 1530 1500 muros
1541 1482 1551 1501 .·
1580 1471 1613 1501 in
1628 1472 1720 1503 dubio

267 1519 313 1546 est
328 1519 396 1545 uter
417 1517 535 1545 statuat
559 1522 668 1543 muros.
714 1511 806 1541 Nihil
828 1522 902 1551 opus
918 1516 963 1542 est
980 1512 1042 1541 ulla
1059 1512 1260 1550 contentione,
1276 1512 1376 1552 inquit
1391 1511 1550 1544 Romulus.
1595 1514 1718 1553 Magna

266 1562 310 1587 est
329 1558 412 1598 fides
435 1557 565 1587 alitum:
591 1554 750 1593 fuciamus
778 1555 946 1594 periculum
976 1555 1095 1584 alitum.
1142 1554 1205 1585 Res
1229 1554 1389 1594 probatur.
1410 1583 1412 1585 ,
1433 1555 1507 1585 Alte
1532 1557 1669 1587 concedit
1687 1558 1719 1588 in

266 1610 355 1640 rupes
374 1599 492 1630 Palatii
509 1598 658 1629 nemorosi
671 1607 680 1627 .·
703 1598 783 1628 alter
797 1598 953 1628 contendit
972 1607 1061 1627 mane
1076 1597 1109 1628 in
1122 1596 1267 1627 verticem
1282 1595 1433 1628 Aventini
1449 1597 1571 1629 montis.
1602 1599 1718 1630 Remus

870 1670 1106 1681 eeeeeeeeeeee

265 1721 330 1752 θείς
346 1721 475 1757 septem
492 1716 589 1746 visum
605 1718 667 1750 θείς
692 1714 885 1752 tresjussum
902 1717 1065 1745 est.—805
1083 1715 1218 1745 saluisse
1233 1724 1275 1745 ex
1291 1714 1495 1746 auctoritate
1507 1715 1674 1746 Prisciani
1691 1724 1718 1747 1.

265 1770 299 1800 p.
312 1762 386 1791 906.
401 1764 433 1789 et
448 1759 620 1789 meliorum
636 1757 799 1788 Codicum
813 1761 1008 1797 reponatur.
1026 1757 1138 1788 Heius.
1156 1758 1254 1797 ang.
1276 1758 1509 1788 saliisse.—807
1534 1757 1590 1789 Sic
1606 1758 1718 1789 Ursin.

265 1808 302 1833 et
317 1811 401 1833 unus
417 1802 459 1832 V.
479 1806 514 1832 et
532 1801 608 1831 Pat.
622 1810 696 1830 cum
711 1800 859 1838 Nanger.
883 1801 983 1839 Vulg.
1001 1800 1063 1839 Ips.
1076 1801 1171 1830 locum
1183 1801 1249 1830 cati
1259 1799 1420 1837 casusfac.
1446 1800 1499 1830 Fr.
1517 1801 1615 1830 locum
1629 1809 1716 1831 casus

263 1845 349 1880 2·ati,·
379 1848 414 1875 et
426 1844 472 1874 sic
491 1843 644 1883 plerique
662 1847 744 1872 vett.
758 1842 878 1872 Heius.
894 1842 1012 1873 scribit
1025 1843 1088 1882 Ips.
1106 1843 1187 1872 Iocus
1198 1852 1269 1873 casu
1284 1841 1528 1879 emisam—808
1540 1842 1610 1873 Pro
1626 1843 1716 1882 vulg.

255 1887 367 1925 factis,
381 1889 390 1903 ‘
404 1887 477 1925 lege
486 1885 594 1924 fastis,
611 1885 662 1915 vel
678 1884 784 1922 festis,
797 1885 848 1914 vel
864 1885 983 1919 sacris,·
999 1885 1156 1925 quicquid
1176 1885 1373 1915 obnituntur
1389 1884 1466 1915 libri
1485 1890 1630 1916 veteres:
1655 1885 1712 1925 qui

265 1939 359 1960 error
371 1935 406 1960 et
422 1929 501 1959 alibi
515 1928 548 1957 in
563 1928 652 1958 bisce
669 1927 762 1958 libris
774 1927 941 1958 occurrit.’
957 1928 1179 1958 Heins.—SlO
1197 1927 1328 1957 Zulich.
1346 1927 1491 1957 Pastoris
1500 1937 1580 1965 gem.
1595 1927 1714 1958 Heius.

262 1972 379 2002 mallet
396 1972 779 2001 Pastores...erant.—Sll
798 1970 951 2000 Quatuor
966 1970 1200 2010 scriptiponer.
1215 1973 1342 2008 uterque
1357 1980 1368 2004 ,·
1385 1970 1428 1999 V.
1441 1969 1713 2008 utrimque.—812

262 2013 440 2052 Scriptura
457 2017 571 2043 nostra
587 2011 766 2050 ambigitur.
793 2011 912 2041 Heius.
936 2011 1006 2042 Alii
1018 2012 1196 2050 ambiguum
1211 2015 1267 2042 est.
1306 2011 1390 2041 Mox
1403 2010 1513 2041 moenia
1530 2010 1648 2042 Heius.
1662 2019 1714 2041 re-

264 2055 400 2094 scripsit
418 2065 478 2094 pro
496 2055 584 2093 vulg.
609 2055 731 2083 nentina
744 2063 785 2083 ex
802 2053 915 2084 Ursin.
928 2054 1005 2085 Pet.
1022 2060 1057 2085 et
1073 2055 1155 2084 aliis.
1171 2054 1259 2084 Tum
1274 2054 1327 2084 Fr.
1340 2056 1452 2093 pona,-
1468 2052 1525 2082 sed
1539 2056 1634 2091 ponat
1651 2062 1713 2092 pro

265 2107 336 2128 var.
354 2097 541 2127 ωσι-813
567 2096 619 2126 fr.
646 2097 704 2125 isto
721 2105 782 2135 pro
807 2096 984 2126 ulla—815
1008 2097 1105 2126 Voss.
1125 2100 1159 2126 et
1182 2105 1240 2126 sex
1270 2095 1326 2124 alii
1351 2096 1409 2125 alt.
1432 2095 1500 2124 adit
1525 2097 1713 2126 nent—516

911 2169 1048 2200 NOTAE

263 2251 461 2282 Maronem:
486 2246 494 2262 ‘
508 2244 676 2276 flammam
693 2244 782 2275 inter
797 2249 831 2275 et
843 2244 958 2274 hostes
1053 2246 1115 2274 809
1158 2243 1273 2274 Frater
1304 2243 1491 2284 Numitoris]
1544 2243 1711 2286 Amulius,

259 2297 454 2340 Expedior3
468 2295 548 2325 dant
565 2295 634 2325 tela
654 2295 778 2333 locum,
800 2293 957 2325 flammae-
1010 2292 1255 2333 scilicet,cujus
1267 2303 1368 2334 supra
1377 2293 1710 2336 vidimusferitatem,

261 2358 326 2390 que
344 2345 528 2378 recedunt.’
1009 2354 1140 2381 necem,
1157 2346 1221 2374 &c.

303 2400 363 2428 801
393 2396 470 2425 Cum
492 2393 630 2433 condita]
674 2391 788 2433 Atque
808 2392 892 2423 adeo
922 2392 956 2423 in
1052 2397 1114 2424 810
1132 2394 1278 2434 Gemino]
1307 2393 1452 2425 Romulo
1467 2398 1570 2436 atque
1587 2394 1708 2436 Remo,

258 2448 422 2480 Palilibus
451 2448 543 2487 ignes
566 2444 776 2476 transiliendi
800 2454 864 2475 non
890 2443 954 2474 fuit
1009 2445 1150 2475 scilicet.

259 2497 427 2539 antiquius
446 2496 574 2527 initium
592 2496 694 2526 Urbis
711 2495 839 2525 natali:
864 2494 952 2535 quod
1052 2498 1115 2525 812
1139 2494 1273 2534 Moem'a]
1318 2493 1387 2525 Alii
1416 2494 1536 2534 legunt
1562 2494 1709 2531 nomina,-

257 2553 293 2580 et
324 2548 479 2579 Tibullus
519 2550 554 2576 et
588 2545 789 2576 Plutarchus
826 2545 953 2585 pariter
1007 2545 1120 2584 idest,
1147 2549 1226 2575 uter
1238 2544 1323 2575 Urbi
1338 2553 1459 2575 nomen
1473 2544 1708 2585 imponat,au-

257 2597 483 2630 tradiderunt.
1005 2595 1169 2636 spicetur,
1192 2599 1226 2625 et
1241 2598 1348 2634 regat.

301 2650 362 2679 802
387 2646 492 2685 Nova]
514 2645 620 2676 Novae
637 2644 750 2684 Urbis,
766 2644 912 2675 scilicet.
1048 2648 1109 2676 814
1135 2643 1270 2684 Magna]
1287 2644 1340 2675 Ad
1357 2644 1506 2685 auspicia
1518 2654 1600 2685 ergo
1613 2648 1705 2678 uter·

300 2700 364 2728 806
387 2695 511 2735 Natali]
549 2695 615 2728 Qui
640 2695 673 2726 in
696 2697 747 2726 11.
779 2694 951 2725 Kalendas
1006 2706 1071 2739 que
1088 2695 1228 2736 digressi
1245 2700 1335 2726 sunt.

257 2746 443 2780 incidebat.
1048 2749 1109 2778 515
1132 2745 1240 2787 Alter]
1265 2745 1441 2787 Romulus,
1456 2743 1607 2778 scilicet⁷

299 2801 362 2830 807
387 2797 519 2838 Causas]
549 2797 597 2829 Ut
613 2795 719 2829 multa
731 2800 857 2827 narret.
