1773 3121
182 249 295 291 1962
668 260 710 290 P.
742 260 898 291 evron
935 260 1145 293 NAsoms

184 355 271 397 Sed
292 357 495 409 poterunt
515 355 645 396 ritum
667 355 803 397 Picus
833 357 1094 411 Faunusque
1116 357 1269 410 piandi

240 422 443 472 Prodere,
468 423 654 463 Romani
677 437 828 464 numen
851 432 1028 478 uterque
1049 426 1144 466 soli.

184 488 281 530 Nec
306 491 399 529 sine
424 490 464 528 vi
486 489 677 531 tradent:
710 490 915 531 adhibeto
942 493 1117 532 vincula
1137 492 1296 544 captis.

240 555 390 609 Atque
412 558 485 605 ita,
510 571 598 610 qua
617 559 806 611 possint,
828 559 984 607 erudit,
1006 565 1098 599 arte
1121 559 1236 612 capi.

185 622 332 663 Lucus
355 623 571 665 Aventino
594 626 767 666 suberat
787 628 906 678 niger
926 627 1041 666 ilicis
1065 627 1231 675 umbra,
1551 623 1638 665 295

242 688 343 739 Quo
365 704 522 743 posses
543 693 641 732 viso
663 692 820 742 dicere,
844 693 1018 733 Numen
1036 694 1160 733 inest.

185 755 238 796 In
259 758 403 797 medio
425 771 616 810 gramen,
646 772 888 811 muscoque
912 761 1122 812 adoperta
1143 758 1297 799 virenti

243 822 460 865 Manabat
481 838 595 865 saxo
619 838 731 865 vena
756 826 964 877 perennis
986 839 1129 877 aquae.

185 889 295 929 Inde
315 891 403 930 fere
426 891 512 930 soli
533 891 708 930 Faunus
727 890 952 942 Picusque
969 891 1191 932 bibebant.

243 956 349 996 Huc
371 958 501 1005 venit,
523 961 567 995 et
591 955 719 996 Fonti
740 969 820 996 rex
842 956 988 996 Numa
1010 960 1176 997 mactat
1196 969 1333 998 ovem.
1554 956 1638 996 300

186 1022 410 1077 Plenaque
431 1023 599 1063 odorati
623 1023 707 1063 Dis
725 1024 847 1076 ponit
869 1024 1027 1076 pocula
1049 1024 1214 1064 Bacchi
1232 1038 1242 1075 3

243 1090 440 1144 Cumque
464 1092 553 1130 suis
574 1095 696 1131 antro
720 1090 923 1131 conditus
945 1092 1041 1143 ipse
1061 1091 1181 1132 latet.

185 1156 258 1198 Ad
279 1158 435 1198 solitos
458 1158 635 1197 veniunt
656 1158 887 1210 sylvestria
907 1158 1087 1197 numina
1106 1157 1246 1198 fontes
1264 1171 1274 1198 z

243 1223 301 1263 Et
320 1225 519 1265 relevant
539 1224 675 1264 multo
697 1228 875 1276 pectora
896 1226 1018 1264 sicea
1036 1237 1170 1264 mero.

179 1365 266 1403 sensi
280 1365 370 1396 Jovis
383 1366 507 1396 lenitur.
552 1367 611 1395 Ast
626 1365 721 1395 Picus
735 1368 765 1395 et
785 1365 906 1395 Faunus
920 1368 1064 1404 poterunt
1081 1366 1186 1396 docere
1201 1373 1315 1395 morem
1327 1364 1470 1404 placandi
1482 1374 1493 1401 ,⁴
1514 1367 1641 1404 uterque

186 1413 239 1439 est
264 1418 374 1438 numen
401 1411 494 1437 terrae
522 1407 681 1437 Romame.
728 1408 834 1446 Neque
860 1407 1009 1437 docebunt
1033 1408 1101 1437 sine
1124 1407 1175 1437 vi:
1205 1409 1364 1437 admoveto
1389 1408 1510 1446 laqueos
1533 1407 1644 1447 captis.

186 1452 289 1490 Atque
306 1451 351 1479 lta
367 1449 500 1479 ostendit
515 1458 571 1487 quo
587 1449 653 1477 dolo
676 1448 793 1487 possint
809 1449 886 1487 capi.
932 1449 1032 1478 Lucus
1056 1458 1167 1488 opacus
1191 1449 1297 1478 umbra
1321 1448 1404 1478 ilicis
1421 1448 1551 1486 junctus
1575 1452 1642 1479 erat

186 1491 351 1530 Aventino,
365 1501 421 1530 quo
437 1490 500 1520 viso
513 1499 616 1529 posses
631 1489 742 1526 dicere,
773 1490 859 1520 Deus
875 1490 918 1519 z'bz'
933 1490 1065 1520 habitat.
1115 1491 1151 1520 ln
1175 1490 1274 1520 medio
1290 1490 1395 1528 herba,
1421 1493 1450 1520 et
1466 1500 1542 1520 vena
1557 1500 1643 1530 aquae

179 1534 268 1572 jugis
283 1536 363 1563 tecta
377 1542 478 1563 musco
492 1532 605 1562 virenti
611 1531 733 1573 fluebat
743 1542 799 1571 per
813 1542 902 1562 saxa.
949 1532 1075 1563 Faunus
1090 1536 1118 1562 et
1142 1532 1240 1562 Picus
1257 1533 1473 1572 propemodum
1488 1531 1545 1562 soli
1557 1535 1646 1572 potu-

188 1576 259 1606 bant
277 1577 312 1605 de
326 1585 372 1606 ea.
419 1575 490 1605 Rex
507 1575 611 1605 Numa
635 1575 692 1605 huc
716 1575 813 1611 venit,
838 1578 868 1605 et
894 1576 1031 1605 immolat
1057 1585 1139 1605 ovem
1158 1574 1263 1605 Ponti.
1309 1576 1411 1614 Atque
1428 1575 1555 1615 apponit
1569 1574 1645 1605 Diis

184 1619 289 1659 pocula
303 1618 392 1657 plena
408 1617 491 1647 vini:
515 1620 545 1647 et
561 1617 624 1656 ipse
639 1626 670 1647 se
686 1617 770 1648 abuit
786 1627 853 1647 cum
867 1617 931 1647 suis
945 1620 1044 1647 tectus
1058 1618 1209 1657 spelunca.
1256 1618 1314 1648 Dii
1328 1618 1490 1657 sylvestres
1498 1618 1646 1648 accedunt

187 1662 225 1691 ad
252 1661 357 1691 solitos
375 1659 495 1699 fontes,
522 1663 552 1690 et
578 1659 721 1700 reficiunt
745 1663 871 1700 pectora
897 1660 986 1690 arida
1011 1662 1106 1691 multo
1122 1661 1204 1692 vino.
1251 1661 1380 1691 Somnus
1400 1660 1540 1700 sequitur
1561 1660 1644 1691 vina.

803 1750 858 1760 Νι
862 1750 878 1760 e
882 1749 1035 1761 ‘se-nent·

189 1805 269 1836 nulli
284 1805 391 1836 Codd.
417 1804 478 1836 Sed
498 1808 655 1845 poterant,
669 1806 722 1835 vel
737 1805 851 1844 poterit
863 1816 873 1836 .·
896 1810 930 1835 et
947 1815 1023 1836 mox
1038 1805 1093 1837 Fr.
1110 1804 1190 1834 ritus
1204 1804 1352 1834 P.—292
1366 1804 1503 1834 Prodere
1523 1802 1645 1835 Heius.

189 1848 321 1888 recepit
332 1858 372 1878 ex
385 1848 497 1878 Ursin.
510 1848 607 1878 Voss.
622 1849 710 1878 Maz.
726 1847 858 1877 Zalicli.
870 1852 903 1878 et
917 1848 1007 1886 aliis;
1032 1847 1121 1887 vulg.
1139 1846 1282 1877 Tradere.
1306 1846 1484 1877 Deindein
1495 1845 1646 1886 plurimis

189 1901 271 1921 num.
296 1894 458 1930 utrumque
484 1891 646 1921 sol—293
671 1889 822 1920 Adhibeto
841 1890 967 1921 rectius
991 1890 1105 1920 Ursin.
1131 1889 1221 1919 Maz.
1247 1889 1378 1919 Zulich.
1401 1889 1497 1919 Voss.
1514 1887 1645 1919 Arund.

190 1942 241 1972 pr.
260 1932 301 1963 A.
319 1933 408 1964 Laeti
426 1937 461 1963 et
477 1932 572 1963 multi
590 1932 669 1963 alii:
696 1938 841 1971 quatuor
859 1936 986 1970 tamen,
1001 1931 1184 1962 adhibelua.
1210 1931 1330 1961 Redde
1344 1930 1468 1961 Ovidio
1485 1939 1560 1960 suas
1577 1930 1645 1959 ele·

192 1975 323 2013 gantias
340 1979 376 2005 et
393 1974 514 2013 scribe,
542 1974 653 2004 adhibe
668 1983 722 2003 sua
738 1974 859 2004 vincula
886 1976 994 2012 captis.
1017 1974 1119 2003 Trist.
1147 1973 1241 2010 Eleg.
1258 1981 1304 2002 ιν.
1329 1975 1360 2002 7.
1385 1981 1427 2001 ex
1449 1971 1515 2001 fide
1542 1980 1645 2002 mem-

191 2016 382 2055 branarum,
406 2018 414 2033 ‘
432 2017 500 2046 Cur
514 2016 646 2056 quoties
661 2016 762 2046 alicui
778 2016 904 2046 chartae
920 2025 978 2046 sua
991 2015 1125 2045 vincula
1138 2013 1256 2052 demsi,
1273 2014 1365 2043 Illam
1377 2014 1508 2053 speravi
1522 2023 1645 2044 nomen

190 2057 316 2088 habere
330 2062 423 2088 tuum
438 2058 458 2087 ι’
482 2062 516 2087 et
531 2057 604 2088 Art.
624 2057 698 2087 Am.
723 2067 776 2088 111.
800 2060 876 2087 273.
901 2059 909 2074 ‘
927 2057 1033 2087 Arida
1059 2066 1122 2086 nec
1149 2056 1266 2086 vinclis
1282 2064 1381 2086 crura
1407 2056 1539 2086 resolve
1555 2055 1644 2087 suis!

192 2099 305 2129 Heius.
328 2100 414 2130 Haee
433 2109 512 2129 vero
530 2099 673 2129 Ovidius
687 2100 873 2129 imitatione
889 2100 1024 2138 Virgilii
1042 2099 1128 2129 Geo.
1147 2107 1197 2128 xv.
1216 2098 1505 2137 396.composuit.
1532 2098 1645 2129 Burm.

192 2141 293 2180 Vulg.
310 2141 474 2172 edebatur
502 2141 612 2171 adhibe
629 2144 663 2171 tu
690 2142 877 2171 vina-294
904 2138 1020 2172 Erudit
1044 2151 1086 2171 ex
1114 2141 1211 2171 Voss.
1239 2139 1368 2170 Arund.
1397 2140 1486 2170 Maz.
1514 2139 1646 2172 Zulich.

193 2183 344 2222 Nauger.
363 2193 410 2222 pr.
440 2182 481 2213 A.
507 2183 618 2213 Ursin.
644 2189 678 2212 et
699 2183 792 2220 aiiis;
817 2184 904 2223 vulg.
934 2183 1055 2219 edidit,·
1080 2184 1135 2213 Fr.
1156 2182 1406 2213 tradidit.—299
1429 2182 1484 2215 Fr.
1512 2182 1646 2213 inverso

192 2225 309 2255 ordine
327 2225 397 2256 Pie.
423 2225 686 2265 Faunusq.—301
713 2225 774 2254 Dis
798 2226 884 2264 ponit
911 2226 1033 2256 suadet
1065 2225 1180 2255 Heius,
1199 2234 1258 2264 pro
1276 2225 1363 2263 vulg.
1382 2224 1528 2264 disponit.
1553 2225 1647 2256 Dein

194 2267 279 2297 Maz.
296 2267 394 2299 Voss.
423 2272 458 2298 et
485 2266 618 2298 Arund.
645 2267 709 2297 viui
736 2277 797 2307 pro
826 2268 1062 2299 Baccha—303
1088 2267 1182 2298 Unus
1202 2268 1241 2298 R.
1270 2267 1398 2298 Invocat
1425 2268 1465 2298 ad
1489 2268 1544 2298 sol.
1567 2267 1645 2307 sylv.

854 2381 991 2412 NOTAE

236 2453 300 2480 286
323 2450 460 2490 Effusis]
503 2451 617 2492 Atque
653 2452 737 2482 adeo
772 2453 894 2484 multos
991 2456 1053 2484 293
1082 2453 1227 2492 Vincula]
1260 2453 1517 2485 Dormientibus
1534 2453 1646 2484 vincu-

195 2499 319 2530 imbres
336 2508 467 2538 sparsos
486 2500 670 2540 intelligas.
948 2503 980 2535 la
996 2508 1093 2534 erant
1112 2503 1304 2542 injicienda.
1462 2523 1474 2534 =

237 2551 298 2579 287
324 2548 432 2588 Ignes]
458 2549 620 2582 Fulmina.
991 2556 1054 2584 296
1081 2553 1204 2592 Posses]
1243 2554 1293 2585 Ex
1310 2552 1375 2584 loci
1390 2553 1529 2584 horrore
1544 2557 1579 2584 et
1595 2563 1646 2585 so-

239 2600 303 2629 289
326 2597 412 2636 Dea]
438 2598 570 2637 Egeria,
587 2598 661 2628 scil.
950 2602 1104 2633 litudine.

239 2649 300 2677 291
326 2646 437 2686 Picus]
464 2648 533 2676 Rex
557 2647 764 2688 Latinorum,
778 2650 894 2680 Satur-
992 2654 1055 2682 299
1080 2650 1169 2690 Inde]
1195 2651 1244 2681 Ex
1262 2660 1300 2680 ea
1315 2661 1412 2691 aqua.

197 2695 231 2727 ui
248 2695 348 2734 filius,
373 2695 477 2726 Fauni
492 2702 601 2736 pater,
612 2696 823 2736 auguriorum
837 2708 894 2738 pe-
990 2705 1051 2733 301
1079 2702 1224 2741 odorati]
1247 2701 1412 2742 Adeoque
1425 2703 1556 2743 optimi.

198 2744 390 2783 ritis-simus,
413 2754 433 2776 a
449 2745 549 2778 Circe
563 2746 598 2778 iu
615 2755 711 2778 avem
726 2747 777 2785 sui
792 2748 897 2780 nomi·
991 2753 1054 2782 302
1079 2752 1243 2792 Conditus]
1268 2752 1322 2783 Ne
1343 2752 1464 2783 Picum
1480 2753 1646 2790 Faunum·

199 2796 251 2829 uis
269 2797 428 2829 mutatus,
950 2810 992 2835 ve
1004 2810 1024 2835 a
1039 2801 1105 2835 vini
1118 2805 1219 2845 gustu
1229 2801 1474 2841 absterrerent,
