1773 3121
202 221 315 264 1896
687 236 728 265 Ρ.
762 235 919 265 ονιοιι
955 235 1165 266 NAsoms

203 328 407 369 Forsitan
429 332 473 369 et
494 342 681 382 quaeras,
700 344 776 371 cur
795 332 854 372 sit
874 332 1001 372 locus
1021 332 1092 372 ille
1114 332 1355 385 Lupercal;

260 394 431 445 Quaeve
454 395 565 437 diem
589 398 666 438 tali
686 399 863 439 nomine
886 412 1023 439 causa
1041 402 1179 440 notet.

202 462 289 502 Ilia
310 462 508 504 Vestalis
528 465 729 506 coelestia
750 467 912 507 semina
931 469 1062 519 partu

257 529 478 580 Ediderat‚
502 536 660 583 patruo
679 547 814 585 regna
834 538 1001 574 tenente
1024 546 1115 574 suo.

201 595 249 635 Is
264 596 392 650 jubet
413 596 570 637 auferri
590 612 761 651 pueros,
783 605 825 640 et
846 601 890 640 in
910 613 1034 640 amne
1055 600 1220 640 necari.
1567 597 1653 640 385

257 661 376 712 Quid
398 663 540 704 facis?
574 678 632 706 ex
652 667 751 707 istis
773 667 988 708 Romulus
1009 667 1114 708 alter
1135 667 1227 707 erit.

198 728 228 769 J
232 742 338 772 ussa
358 739 617 774 recusantes
638 739 848 787 peragunt
866 736 1114 789 lacrymosa
1132 733 1314 774 ministri
1332 746 1342 773 ε

258 797 385 838 Fleut
405 803 562 849 tamen,
585 805 626 840 et
647 802 842 852 geminos
864 803 909 841 in
929 802 1028 841 loca
1040 801 1168 852 jussa
1189 801 1347 840 ferunt.

198 862 377 914 Albula,
401 879 531 917 quem
553 867 749 919 Thybrin
767 881 937 908 mersus
957 867 1193 907 Tiberinus
1214 867 1260 905 in
1280 866 1398 906 unda

256 930 479 981 Reddidit,
510 934 711 986 hybernis
733 934 840 975 forte
860 934 1057 975 tumebat
1078 933 1216 985 aquis,
1567 930 1654 972 390

199 996 306 1047 Hic,
327 999 403 1038 ubi
424 1012 537 1039 nunc
562 1000 678 1042 Fora
698 1004 813 1051 sunt,
832 1001 985 1041 lintres
1006 1011 1146 1040 errare
1168 997 1358 1049 videres3

258 1064 449 1118 Quaque
465 1066 618 1119 jacent
635 1069 788 1118 valles,
813 1067 1010 1108 Maxime
1030 1065 1170 1115 Circe,
1192 1067 1295 1104 tuae.

197 1188 415 1226 habetfumam
427 1200 598 1222 memorem.
646 1193 740 1223 Forte
754 1193 847 1223 etiam
860 1196 961 1232 pelas,
985 1191 1177 1232 quamobrem
1198 1191 1250 1222 ille
1266 1192 1348 1222 locus
1362 1191 1404 1221 sit
1419 1191 1573 1231 Lupercal
1584 1200 1596 1228 ;
1623 1193 1653 1221 et

197 1240 267 1270 quoe
281 1241 372 1261 causa
398 1232 502 1270 signet
526 1234 607 1264 diem
632 1234 805 1272 hujusmodi
830 1235 961 1264 nomine.
1008 1234 1070 1263 Ilia
1092 1234 1225 1263 Vestalis
1248 1235 1392 1264 emiserat
1414 1237 1510 1272 partu
1534 1233 1654 1264 semina

199 1273 346 1312 coelestia,
359 1277 471 1313 patruo
485 1285 539 1305 suo
563 1279 721 1313 regnante.
771 1278 804 1307 Is
831 1277 964 1315 imperat
986 1285 1097 1314 parvos
1123 1275 1235 1314 abripi,
1263 1278 1291 1304 et
1318 1275 1461 1313 extingui
1486 1275 1519 1305 in
1536 1275 1651 1315 fluvio.

200 1315 284 1349 Quid
299 1315 391 1355 agis?
436 1317 585 1347 Romulus
609 1318 670 1348 erit
690 1319 769 1348 alter
793 1329 831 1349 ex
851 1319 922 1348 illis.
970 1318 1094 1348 Famuli
1109 1318 1314 1348 detrectantes
1329 1319 1523 1357 exequuntur
1546 1316 1654 1347 tristia

197 1359 353 1389 mandata.
398 1358 755 1399 Lacrymanturtamen,
783 1365 812 1391 et
836 1363 962 1399 portant
977 1361 1116 1398 geminos
1137 1360 1168 1389 in
1195 1360 1259 1389 loca
1273 1360 1368 1389 dicta.
1413 1360 1538 1397 Albula,
1565 1368 1654 1398 quem

201 1399 362 1430 Tiberinus
387 1400 514 1431 haustus
529 1402 615 1440 aquis
633 1401 713 1438 fecit
732 1402 877 1442 Tyberim,
885 1402 972 1439 sorte
995 1405 1103 1431 auctus
1117 1405 1183 1431 erat
1199 1401 1287 1440 aquis
1300 1401 1454 1441 hybernis.
1503 1402 1652 1432 Cerneres

197 1443 454 1482 navesfluctuare
464 1443 514 1473 hic
529 1444 581 1473 ubi
595 1453 675 1474 nunc
690 1448 761 1474 sunt
772 1444 866 1483 Foro,
877 1447 972 1483 etqua
983 1444 1078 1474 valles
1090 1447 1151 1473 tua>
1165 1443 1381 1482 porriguntur,
1394 1443 1483 1474 Circe
1499 1443 1652 1474 Maxime.

809 1531 1040 1543 MeNMNw

200 1591 295 1623 Med.
312 1595 348 1622 et
365 1593 528 1633 Excerpt.
547 1593 622 1623 Pol.
639 1593 740 1632 vulgo
770 1592 858 1623 enim
878 1592 1057 1632 legebatur
1084 1592 1135 1631 qui.
1158 1591 1231 1622 bene
1253 1590 1372 1630 gessit;
1397 1595 1433 1623 et
1460 1590 1507 1622 sic
1534 1591 1589 1622 Fr.
1616 1594 1653 1622 at

198 1634 311 1665 Ursin.
328 1635 417 1665 Maz.
435 1635 567 1666 Zulich.
581 1636 659 1666 Pet.
677 1641 711 1667 et
728 1636 825 1666 multi
841 1635 896 1665 alii
912 1636 990 1674 quod
1006 1634 1078 1665 bene
1088 1635 1206 1673 gessit;
1221 1634 1316 1665 Voss.
1328 1643 1418 1673 quam
1434 1633 1518 1674 bene,
1533 1633 1653 1665 Heius.

199 1677 288 1717 conj.
316 1686 377 1717 pro
403 1687 514 1717 quum:
537 1682 573 1708 et
599 1677 651 1709 hie
676 1678 812 1718 quidem
837 1678 974 1708 volebat
1003 1677 1070 1717 quis
1095 1677 1168 1708 bene
1194 1677 1295 1707 cessit.
1340 1677 1485 1707 Plurimi
1498 1677 1600 1707 etiam
1617 1680 1654 1707 et

199 1719 318 1759 scripti
344 1724 378 1749 et
404 1719 489 1750 editi
515 1720 743 1751 habent—382
769 1721 809 1751 In
827 1720 1023 1761 quibusdam
1050 1720 1159 1754 Quoev.
1183 1720 1280 1750 locum
1298 1720 1354 1750 tul.
1398 1720 1496 1750 Voss.
1520 1717 1653 1750 Arund.

198 1762 287 1791 Maz.
305 1762 438 1792 Zulich.
456 1767 492 1793 et
508 1772 568 1793 sex
585 1764 641 1793 alii
658 1767 744 1794 tanto
759 1773 839 1794 nom.
866 1762 984 1793 Heius.
1007 1762 1098 1802 conj.
1123 1764 1204 1793 noto.
1250 1762 1340 1792 Dein
1357 1765 1427 1792 tres
1451 1761 1528 1792 libri
1555 1763 1652 1792 vocet.

197 1806 302 1834 —383
327 1805 379 1834 Ex
395 1805 490 1835 Voss.
507 1809 543 1836 et
559 1815 617 1836 sex
634 1806 708 1836 aliis
726 1805 818 1836 libris
837 1805 954 1836 Heius.
971 1804 1066 1835 dedit
1083 1804 1144 1834 Ilia
1161 1813 1222 1844 pro
1238 1805 1330 1844 vulg.
1355 1803 1474 1844 Sylvia.
1518 1802 1653 1834 Deinde

199 1846 265 1876 duo
282 1846 360 1877 libri
381 1847 418 1877 V.
434 1848 549 1878 coeleslz'
567 1858 589 1878 s.
603 1852 716 1888 partu:
733 1849 818 1879 alter
835 1848 876 1878 P.
893 1854 928 1878 et
944 1854 1011 1878 tres
1028 1847 1083 1877 alii
1100 1847 1233 1878 coelestia
1243 1846 1370 1877 numina
1382 1849 1495 1887 partu.-
1519 1846 1654 1876 Bonon.

197 1889 331 1919 coelestz'a
345 1889 460 1920 semina
473 1893 717 1930 partum—385
742 1891 805 1921 Be.
825 1894 861 1920 et
878 1890 943 1921 duo
960 1889 1015 1920 alii
1032 1889 1101 1928 jub.
1117 1888 1226 1928 offerri
1237 1899 1269 1928 p.
1293 1889 1411 1919 Burm.
1432 1897 1542 1928 pueros
1557 1886 1654 1918 dedit

198 1940 240 1960 ex
257 1931 456 1972 quibusdam
474 1931 581 1964 Codd.
606 1942 667 1971 pro
684 1932 774 1971 vulg.
790 1934 1017 1971 parvos—386
1042 1931 1117 1960 Istis
1141 1930 1265 1960 habent
1280 1939 1396 1960 omnes
1411 1929 1491 1960 libri
1513 1928 1654 1968 εει-ἱρῆς

198 1973 232 2001 in
262 1973 460 2012 quibusdam
492 1974 576 2004 Edd.
605 1974 681 2004 illis.
728 1975 811 2004 Mox
842 1975 897 2003 Fr.
927 1975 981 2003 alt.
1011 1975 1198 2003 σιώ-387
1233 1972 1302 2002 Pro
1330 1974 1503 2002 recusantes
1533 1971 1654 2002 Heius.

199 2014 316 2044 mallet
349 2016 544 2055 reluctantes,
582 2016 635 2046 vel
663 2018 984 2055 repugwmtes.—388
1022 2015 1061 2044 In
1088 2013 1287 2055 quibusdam
1309 2014 1364 2044 loc.
1386 2015 1451 2044 sola
1478 2013 1654 2051 fen—389

200 2056 255 2086 Fr.
286 2066 373 2095 quem
400 2057 545 2096 Tyberim
575 2058 745 2098 'Fyberimes
775 2067 889 2088 mersus
918 2057 951 2087 in
977 2057 1182 2087 undis.—391
1215 2056 1302 2087 Maz.
1329 2056 1415 2087 lintr.
1445 2055 1570 2096 agitare
1591 2054 1654 2086 vid.
1705 2069 1709 2071 >

855 2159 994 2190 NOTAE

243 2232 375 2271 Irritus]
406 2232 474 2264 Qui
496 2231 622 2264 frustra
643 2237 847 2274 accurrerat,
861 2238 898 2265 et
995 2237 1057 2264 383
1097 2233 1173 2272 Ilia]
1220 2232 1410 2264 Numitoris
1445 2231 1654 2263 Albanorum

200 2282 369 2313 absumtas
382 2281 485 2322 dapes
499 2283 703 2314 inveniebat.
953 2284 1042 2324 regis
1071 2282 1154 2321 filia,
1185 2292 1283 2323 quam
1318 2281 1476 2313 Amulius
1513 2285 1655 2322 patruus

241 2335 303 2363 377
329 2332 429 2371 Risit]
460 2333 539 2363 Oris
557 2337 670 2363 tamen
688 2333 813 2373 specie.
952 2333 1128 2373 Virginem
1145 2333 1322 2363 Vestalem
1337 2331 1434 2363 fecit.

241 2385 304 2413 379
327 2383 425 2413 Fama
447 2383 565 2423 manet]
602 2384 746 2415 Fabulae.
783 2384 896 2414 Vesti-
999 2382 1158 2421 Caelestia]
1185 2382 1274 2414 Quia
1290 2391 1331 2412 ex
1347 2381 1464 2411 Marte
1481 2379 1628 2421 gravida.

198 2437 314 2464 menta
339 2438 520 2472 posuerant
538 2434 700 2465 Romulus
716 2438 752 2465 et
771 2435 896 2465 Remus
995 2435 1057 2463 384
1071 2431 1218 2470 Tenente]
1235 2431 1416 2462 Numitore
1428 2429 1535 2460 fratre
1546 2429 1654 2469 pulso.

199 2483 324 2524 aliique
347 2483 390 2513 ob
408 2493 537 2515 sacrum
552 2485 651 2523 Pani,
669 2485 899 2526 antiquissimo
997 2485 1056 2513 385
1082 2480 1216 2519 Pueros]
1245 2480 1390 2510 Remum
1412 2483 1447 2510 et
1465 2478 1654 2510 Romulum.

199 2544 305 2574 more,
341 2539 375 2564 et
413 2534 454 2565 ab
494 2534 650 2565 Evandro
692 2536 725 2565 in
763 2535 899 2565 Italiam
995 2533 1058 2562 386
1084 2530 1168 2564 Quid
1190 2528 1289 2567 sacis]
1337 2527 1553 2558 prohibentis
1587 2531 1653 2568 est,

200 2583 355 2623 inducto,
369 2587 553 2623 peractum.
577 2583 644 2613 Sed
661 2588 696 2614 et
713 2584 778 2613 alia
793 2585 899 2614 multa
954 2582 988 2612 ni
1004 2580 1112 2611 fallor.

200 2635 263 2664 hac
278 2632 319 2663 de
336 2642 372 2663 re
388 2631 487 2663 finxit
501 2633 713 2664 Plutarchus.
997 2627 1160 2667 Romulus]
1190 2628 1232 2659 Id
1245 2633 1308 2668 est,
1324 2628 1379 2669 qui
1395 2628 1538 2659 Romam
1549 2628 1657 2669 genti-

244 2686 304 2713 381
340 2683 404 2713 Cur
419 2682 475 2722 sit]
499 2682 725 2715 Quamobrem
749 2683 758 2700 ‘
773 2684 899 2724 Luper-
954 2690 1010 2711 um
1026 2678 1194 2710 dominam
1210 2679 1382 2719 positurus
1399 2683 1461 2710 est.

203 2734 254 2765 cal
268 2733 276 2745 ²
293 2732 425 2763 dicatur
439 2733 532 2764 locus
543 2732 601 2765 ubi
615 2733 700 2766 Pani
713 2742 773 2765 seu
786 2733 899 2765 Fauno
997 2731 1058 2759 388
1084 2728 1246 2771 Geminos]
1288 2728 1469 2761 Romulum
1491 2728 1652 2763 Remum-

205 2793 299 2816 sacra
314 2781 452 2815 fiebant.
955 2790 1033 2824 que.
