1773 3121
221 193 332 235 2164
708 204 748 232 P.
779 203 935 233 ovmn
969 203 1183 234 NAsouis

224 296 392 338 Auctor
412 298 457 338 in
478 299 641 339 incerto
658 310 668 336 :
697 309 768 337 res
789 299 856 338 est
875 296 1101 338 Romana:
1127 301 1270 338 tuetur
1581 296 1668 337 435

276 364 432 414 Vesta,
455 365 571 417 quod
593 364 776 405 assiduo
794 365 953 405 lumine
974 356 1134 406 cuncta
1153 364 1285 405 videt-

223 430 327 471 Heu
348 435 557 484 quantum
579 431 758 471 timuere
781 431 950 480 Patres,
983 445 1068 485 quo
1088 436 1282 484 tempore
1303 428 1442 470 Vesta

278 496 420 546 Arsit,
440 502 481 537 et
501 502 570 537 est
591 497 733 550 adytis
753 499 911 538 obruta
930 511 1057 550 paene
1078 498 1169 537 suis
1187 497 1196 537 !

226 561 496 613 Flagrabant
515 565 654 605 sancti
677 565 897 605 sceleratis
916 564 1089 615 ignibus
1111 564 1256 615 ignes:

282 628 518 682 Mixtaque
537 635 627 671 erat
646 631 832 671 flammae
855 630 1027 670 flamma
1045 629 1228 683 profana
1250 630 1350 682 piae.
1584 627 1671 667 440

223 692 436 736 Attonitae
457 697 629 746 flebant,
652 697 844 737 demisso
864 698 994 746 crine,
1016 696 1219 737 ministrae
1237 709 1246 736 z

282 758 538 801 Abstulerat
561 764 673 801 vires
693 763 886 813 corporis
905 763 1001 812 ipse
1020 763 1159 802 timor.

227 825 439 866 Provolat
458 828 504 866 in
523 827 794 879 medi111n‚ss'et
815 840 988 878 magna,
1010 828 1274 877 Succurrite,
1296 840 1422 877 voce,

284 892 388 933 Non
408 897 475 934 est
495 893 711 933 auxilium
729 892 846 942 flere,
870 893 1077 933 Metellus
1100 893 1175 934 ait.

225 1022 340 1053 dicitur
369 1023 536 1054 sustulisse.
579 1022 698 1054 Auctor
723 1028 774 1053 est
797 1023 830 1053 in
857 1023 959 1054 dubio.
1004 1023 1067 1053 Res
1088 1026 1133 1053 est
1166 1023 1325 1054 Romana:
1354 1022 1447 1053 Vesta
1468 1025 1583 1061 servat,
1605 1031 1673 1052 cum

224 1068 332 1094 cernat
354 1065 455 1095 omnia
481 1065 592 1096 lumine
616 1066 799 1096 inextincto.
845 1065 917 1096 Heu
943 1068 1089 1105 quantum
1115 1066 1228 1095 Patres
1254 1067 1439 1104 metuerunt,
1461 1074 1519 1104 quo
1540 1067 1674 1104 tempore

232 1106 322 1136 Vesta
327 1107 494 1147 flagravit,
509 1111 538 1138 et
554 1111 597 1137 est
607 1107 678 1145 sere
694 1117 836 1148 oppressa
851 1107 915 1137 suis
934 1107 1104 1138 sacrariis!
1148 1108 1295 1137 Flamma:
1323 1116 1420 1137 sacrae
1440 1106 1675 1137 absumebantur

221 1147 362 1187 flammis
373 1149 524 1185 scelestis;
545 1153 634 1188 utque
663 1150 746 1188 iguis
772 1150 910 1189 impurus
935 1153 1002 1180 erat
1026 1149 1168 1188 confusus
1188 1160 1254 1181 cum
1268 1151 1339 1188 igue
1355 1159 1452 1180 sucro.
1496 1148 1676 1179 Sacerdotes

225 1190 406 1229 stupefactoe
431 1191 678 1230 lacrymabantur
703 1192 822 1231 cupillis
845 1193 981 1230 sparsis.-
1005 1192 1068 1230 z'pse
1091 1195 1188 1222 metus
1211 1192 1408 1222 subtraxerat
1434 1191 1514 1221 vires
1529 1190 1676 1229 corporis.

228 1232 375 1263 Metellus
394 1233 550 1272 procurrit
565 1233 597 1263 iu
612 1233 757 1272 medium,
782 1237 874 1272 utque
897 1234 995 1271 inquit
1011 1235 1091 1263 elata
1110 1243 1193 1273 voce,
1212 1235 1310 1272 Opem
1317 1233 1415 1273 ferte,
1441 1234 1545 1272 lugere
1559 1235 1675 1263 nonest

834 1310 1064 1320 W,

227 1357 484 1396 eripuiss.ferunt
497 1367 507 1387 :
530 1357 589 1387 sed
605 1357 614 1372 ⁵
629 1358 684 1387 vix
698 1357 893 1388 Latinitatis
910 1358 995 1387 ratio
1014 1358 1180 1387 constabit
1196 1358 1272 1388 huic
1288 1358 1411 1395 versui,
1428 1358 1489 1387 nisi
1505 1367 1582 1389 cum
1598 1358 1675 1389 Sar-

228 1398 367 1429 raviauo
385 1399 511 1434 codice,
528 1400 672 1438 eripuisse
695 1400 797 1438 dutur,
826 1399 1007 1429 rescribas:
1042 1408 1125 1429 uuus
1154 1400 1389 1438 Farnesianus,
1411 1400 1573 1438 eripuisset
1589 1410 1677 1432 eam:

230 1450 285 1478 an,
300 1440 437 1480 eripuere,
453 1441 554 1471 Deam
568 1441 594 1472 ‘l’
630 1441 750 1471 Heius.
778 1442 884 1472 Recte
899 1444 1003 1481 datur,
1022 1441 1055 1471 id
1073 1446 1125 1471 est
1148 1445 1317 1480 narratur,
1340 1440 1496 1472 traditur.
1521 1442 1675 1473 Burm.—-

227 1485 301 1513 435.
325 1485 388 1513 436
409 1483 464 1514 Sic
481 1489 636 1514 veteres:
655 1483 777 1522 nomin
791 1485 905 1514 incerto
922 1487 978 1514 est.
1017 1484 1107 1514 Nihil
1125 1484 1177 1513 hic
1199 1484 1283 1513 sani.
1323 1483 1439 1514 Primo
1457 1482 1677 1515 scribendum

228 1525 378 1564 videtur,
392 1535 440 1555 res
454 1528 498 1555 est
515 1526 659 1564 Trojano,
681 1526 759 1556 hinc
783 1526 905 1566 passim
932 1526 1041 1556 Troica
1064 1531 1098 1556 et
1124 1526 1222 1557 Iliaca
1250 1526 1343 1556 Vesta
1370 1525 1505 1556 dicitur.
1550 1526 1678 1556 Cetera

229 1566 393 1606 expedire
420 1577 554 1606 possem
583 1568 680 1598 variis
708 1569 927 1608 conjecturis,
955 1577 1027 1608 quae
1057 1569 1219 1608 perplexa
1235 1568 1333 1598 valde
1350 1572 1385 1598 et
1406 1567 1569 1600 intricata.
1587 1572 1678 1608 sunt,

230 1609 290 1639 sed
305 1618 347 1639 ne
361 1609 439 1649 quid
455 1614 503 1648 te,
520 1611 660 1648 Lector,
675 1620 796 1648 morer,
812 1620 944 1640 versum
968 1616 1144 1651 utrumque
1161 1611 1202 1640 ab
1220 1609 1473 1650 interpolatoris
1489 1610 1548 1640 illa
1563 1619 1676 1647 manu,

229 1661 327 1691 quam
343 1652 485 1682 Ovidius
502 1652 624 1691 passim
641 1657 692 1682 est
707 1658 882 1693 expertus,
899 1652 1002 1682 fuisse
1015 1662 1192 1691 procusum
1209 1662 1350 1684 censeo:
1367 1652 1575 1682 doctissimus
1590 1652 1677 1683 Gro-

229 1693 350 1723 novius
364 1693 403 1723 ad
422 1695 566 1724 Statium
582 1695 616 1725 in
633 1694 783 1725 Diatrib.
800 1705 875 1735 cap.
889 1698 940 1725 42.
958 1700 992 1725 et
1009 1695 1137 1725 omissis
1154 1700 1189 1724 et
1214 1695 1343 1725 Livium
1372 1703 1465 1725 xxn.
1492 1697 1545 1725 20.
1562 1694 1678 1732 juncta

229 1735 313 1765 videt
331 1736 413 1765 velit
430 1737 556 1776 reponi.
587 1737 652 1767 Sed
670 1738 779 1777 potius
796 1744 846 1767 est
864 1743 899 1767 ut
912 1736 1256 1776 corrigamus‚Auctor
1270 1738 1303 1768 z'n
1318 1738 1435 1780 incerto
1446 1747 1456 1767 .·
1485 1746 1597 1776 praeses
1612 1736 1678 1767 Ro-

229 1786 322 1807 mana
338 1781 442 1808 tuetur
463 1779 577 1815 Vesta,·
601 1790 669 1819 φα.
680 1781 699 1810 1.
707 1779 820 1817 junctu
835 1780 939 1810 videt:
963 1780 1051 1820 quod
1066 1780 1157 1809 videt
1168 1780 1327 1819 junctum
1342 1779 1456 1809 Vestae
1473 1778 1680 1818 Palladium,

229 1828 353 1859 nempe
371 1820 459 1860 quod
476 1822 597 1851 eodem
620 1823 747 1861 templo
764 1827 817 1852 est
833 1822 895 1852 sub
912 1821 1073 1852 Romanae
1091 1821 1243 1862 praesidis
1258 1822 1374 1852 Vestae
1391 1821 1509 1852 tutela.
1553 1820 1595 1851 In
1620 1829 1678 1851 au-

229 1861 334 1901 tiquis
357 1863 512 1902 nummis,
536 1872 644 1894 vns'rA
672 1873 728 1895 Ρο.
754 1873 814 1895 Ro.
841 1872 1051 1897 varrlvm.
1077 1864 1212 1895 Curtius
1237 1873 1286 1894 iv.
1304 1866 1354 1894 13.
1378 1865 1386 1879 ‘
1404 1864 1573 1903 Expetere
1590 1872 1679 1903 prae-

231 1903 321 1934 sides
338 1904 519 1935 Persarum
534 1906 666 1945 imperii
680 1907 770 1936 Deos
787 1906 918 1937 debitas
935 1916 954 1936 a
970 1906 1168 1937 vecordibus
1186 1905 1321 1946 poenas.’
1355 1905 1478 1936 Verius
1502 1910 1614 1936 tamen
1630 1904 1679 1935 vi-

231 1945 342 1985 detur,
357 1950 483 1984 proestes
497 1948 633 1978 Romana
644 1952 746 1979 tuetur
762 1949 854 1979 Vesta
864 1958 937 1979 esse
947 1949 1172 1987 scribendum,
1183 1947 1349 1988 quomodo
1359 1948 1368 1964 ⁶
1383 1948 1486 1978 Lares
1498 1947 1678 1987 praestites’

232 1988 322 2025 apud
341 1989 500 2018 Nostrum
518 1990 613 2019 initio
634 1991 715 2020 Maii
731 1991 863 2021 mensis.
878 1993 886 2007 ‘
901 1991 1058 2021 Minerva
1071 1990 1224 2030 praestes’
1240 1990 1330 2029 apud
1348 1991 1494 2020 Festum.
1517 1991 1526 2006 ‘
1539 1988 1679 2028 Jupiter

232 2029 386 2067 praestes’
400 2030 433 2059 in
451 2032 592 2061 vetustis
605 2033 693 2072 apud
711 2033 895 2063 Gruterum
911 2033 1132 2062 marmoribus
1147 2042 1179 2072 p.
1197 2035 1249 2062 22.
1270 2035 1297 2062 l.
1317 2036 1352 2061 et
1363 2035 1392 2061 2.
1405 2033 1453 2062 ita
1467 2031 1553 2061 enim
1564 2034 1678 2070 poste-

232 2069 302 2099 rior
318 2075 369 2100 est
385 2073 592 2110 supplenda3
616 2079 650 2103 et
674 2084 706 2112 p.
733 2077 827 2105 1065.
845 2077 875 2105 2.
900 2074 1011 2104 Heius.
1044 2074 1209 2113 Scaliger,
1232 2075 1396 2103 incertum
1413 2082 1454 2102 an
1471 2082 1511 2102 ex
1531 2072 1596 2102 Ms.
1614 2072 1677 2102 Co-

231 2110 309 2141 dice
326 2121 385 2151 pro
407 2116 512 2142 tuetur
528 2115 609 2152 legit
623 2118 885 2154 vetusque.—438
908 2116 1024 2154 Adytz's
1048 2125 1089 2145 ex
1107 2125 1157 2153 pr.
1175 2114 1215 2145 A.
1243 2119 1277 2144 et
1303 2114 1388 2143 Laeti
1416 2114 1500 2144 Cod.
1524 2114 1678 2154 reposuit

233 2152 354 2183 Heius.
371 2156 458 2194 quod
488 2153 586 2194 putat
614 2157 800 2196 elegantius
819 2166 917 2196 quam
935 2157 1025 2195 vulg.
1041 2157 1249 2186 tectis.—-—440
1272 2155 1410 2196 Mor.fl.
1430 2159 1575 2195 proterva
1587 2156 1678 2196 pi.—

232 2196 294 2225 441
321 2195 409 2227 Maz.
441 2197 528 2227 alter
553 2197 661 2228 Alton.
685 2198 819 2237 stabant,
847 2200 924 2228 dem.
970 2198 1127 2238 Quinque
1150 2198 1225 2227 libri
1249 2197 1373 2228 dimisso
1397 2198 1475 2228 criu.
1520 2198 1607 2228 Tum
1635 2198 1678 2230 P.

234 2236 322 2266 alter
338 2238 614 2276 rnugistroe.—443
640 2240 694 2270 Fr.
714 2250 788 2270 cum
813 2241 958 2280 quinque
985 2240 1057 2269 aliis
1081 2240 1228 2270 Pervolat
1253 2239 1287 2269 in
1309 2241 1387 2270 med.
1416 2245 1485 2270 tres
1510 2240 1679 2271 Praecolat.

233 2278 374 2310 Deinde
403 2284 474 2320 opt.
493 2281 527 2313 F.
556 2286 591 2312 et
622 2287 689 2312 tres
721 2282 778 2312 alii
809 2285 839 2312 et
868 2283 950 2321 viva,
977 2281 1175 2312 Sicca—444
1210 2281 1352 2312 Plurimi
1383 2291 1425 2312 ex
1455 2282 1601 2323 antiquis
1632 2285 1678 2312 est

890 2364 1028 2397 NOTAE

234 2428 373 2459 Adrasti
391 2440 505 2470 nepos,
520 2434 664 2472 quicum
679 2435 800 2474 Ulysse
816 2435 928 2465 Palla·
1023 2438 1085 2466 437
1100 2436 1167 2470 Quo
1177 2434 1324 2474 tempore]
1337 2433 1446 2473 Anno,
1458 2435 1602 2473 scilicet,
1616 2434 1680 2466 Ur-

234 2477 326 2508 dium
339 2479 441 2518 'rroja
453 2482 652 2520 surripuisse
669 2483 801 2514 dicitur.
982 2483 1115 2514 bis5l2.
1139 2486 1180 2516 Q,
1194 2483 1328 2514 Lutatio
1343 2489 1378 2514 et
1394 2483 1433 2514 A.
1447 2484 1577 2514 Manlio
1594 2485 1681 2516 Con·

278 2530 338 2558 435
365 2528 440 2567 Res]
477 2530 665 2560 Palladium
692 2533 730 2561 ad
761 2534 927 2562 Romanos
983 2532 1122 2563 sulibus.

236 2578 395 2617 pertinet.
439 2580 639 2620 Quanquam
666 2585 701 2610 et
730 2582 805 2611 aliae
829 2582 927 2612 urbes
1023 2586 1085 2614 444
1108 2582 1268 2621 Metellus]
1300 2583 1366 2615 Qui
1385 2583 1543 2614 Pontifex
1568 2585 1679 2616 Maxi-

235 2626 301 2656 sibi
318 2627 552 2658 vendicarunt.
981 2642 1054 2662 mus
1069 2632 1228 2663 divinitus
1244 2633 1339 2673 quasi
1354 2634 1484 2674 missus,
1508 2638 1546 2665 ut
1561 2634 1677 2666 videre

278 2677 342 2705 436
364 2676 511 2716 Assiduo]
537 2677 707 2718 Siquidem
724 2677 930 2710 inextinctus
984 2685 1036 2713 est
1051 2681 1142 2722 apud
1156 2683 1270 2714 Valer.
1291 2683 1488 2714 Maximum.

237 2724 347 2766 Ignis.
