1773 3121
139 183 254 226 2134
630 197 670 227 P.
703 194 860 225 ovmn
894 193 1110 227 NAsoms

184 295 274 322 tunae
292 290 403 322 Fortis
432 295 468 322 et
494 290 536 322 de
563 289 685 322 Servio
710 298 791 330 rege
805 288 960 331 quaedam
985 293 1139 324 ‘ln-784.
1179 291 1321 324 Orionis
1337 295 1432 325 ortus
1446 295 1603 327 785-790.

184 343 321 374 Larium
347 348 383 375 et
408 344 505 376 Jovis
521 343 669 376 Statoris
696 342 787 374 aedes
805 345 958 375 791-794.
1002 344 1138 377 Quirini
1163 345 1327 387 templum
1342 348 1459 379 795.6.
1498 347 1601 380 AEdes

184 396 344 429 Herculis
362 398 553 438 Musarum
580 396 721 428 Marciae
735 396 854 427 laudes
870 398 1023 428 797-812.

141 562 207 619 H
213 591 259 621 ic
283 595 457 635 quoque
479 584 637 624 mensis
658 583 793 625 habet
812 584 971 625 dubias
990 585 1036 626 in
1054 584 1231 625 nomine
1252 596 1435 626 causas:

199 646 314 698 Quae
334 650 553 702 placeant,
573 652 737 704 positis
758 652 980 701 omnibus,
1001 653 1097 705 ipse
1115 652 1249 704 leges.

142 714 280 756 Facta
299 729 456 757 canam
474 732 484 769 3
525 719 599 758 sed
622 722 759 768 erunt,
783 719 857 771 qui
878 732 948 758 me
968 719 1150 759 finxisse
1170 719 1428 772 loquantur:

199 783 424 836 Nullaque
445 785 616 826 mortali
635 785 816 826 numina
837 786 936 826 visa
957 790 1121 838 putent.

143 850 221 890 Est
243 851 365 891 Deus
387 853 431 891 in
451 853 580 892 nobis
599 866 607 893 :
640 852 835 905 agitante
856 852 1118 893 calescimus
1139 853 1240 893 illo:
1575 866 1602 893 ο

200 916 395 971 Impetus
414 920 483 960 hic
507 933 649 960 sacrae
672 920 843 960 semina
863 919 1020 960 mentis
1040 919 1187 960 habet.

143 983 231 1024 Fas
249 984 356 1025 mihi
372 987 595 1040 praecipue
617 986 763 1027 vultus
784 987 946 1028 vidisse
970 986 1167 1027 Deorum
1185 999 1194 1027 :
1248 990 1260 1002 ·

198 1050 283 1092 Vel
304 1053 409 1106 quia
431 1067 528 1094 sum
549 1058 697 1107 vates;
730 1056 800 1096 vel
818 1055 922 1109 quia
945 1067 1072 1096 sacra
1093 1066 1218 1095 cano.

142 1117 220 1159 Est
241 1133 393 1160 nemus
416 1122 644 1181 arboribus
665 1122 861 1172 densum,
883 1125 1075 1162 secretus
1097 1122 1152 1162 ab
1175 1121 1294 1162 omni

197 1185 324 1228 Voce
343 1188 541 1238 locus,='si
563 1202 648 1229 non
669 1191 994 1243 obstreperetur
1015 1189 1160 1242 aquis.
1547 1188 1602 1229 10

142 1253 233 1293 Hic
252 1267 331 1307 ego
351 1244 614 1309 quaerebam,
637 1257 776 1309 coepti
796 1270 895 1309 quae
915 1256 1079 1296 mensis
1101 1256 1226 1308 origo

198 1315 408 1374 Esset‚,.et
425 1323 469 1362 in
492 1335 597 1366 cura
614 1324 803 1363 nominis
823 1323 956 1377 hujus
979 1335 1111 1363 eram.

142 1386 257 1427 Ecce
281 1376 401 1428 Delas
423 1388 538 1431 vidi:
569 1380 657 1428 non
678 1401 788 1442 quas
806 1392 1054 1442 praeceptor
1075 1387 1227 1429 arandi

198 1454 400 1505 Viderat,
422 1454 633 1496 Ascraeas
655 1468 757 1496 cum
778 1460 1034 1510 sequeretur
1053 1469 1184 1497 oves:

188 1587 252 1617 Hic
269 1588 380 1618 mensis
394 1587 484 1619 habet
506 1589 599 1619 etiam
615 1599 723 1620 causas
737 1588 873 1621 incertas
888 1588 1019 1620 nominis
1030 1599 1040 1619 .-
1062 1587 1129 1628 ipse
1151 1587 1247 1627 eliges
1266 1596 1333 1628 quoe
1347 1586 1520 1626 arrideant,
1539 1598 1603 1619 om·

142 1629 228 1660 nibus
243 1630 361 1661 allatis.
410 1632 550 1662 Cantaba
565 1642 631 1672 quoe
646 1636 717 1663 acta
733 1636 805 1663 sunt
817 1643 827 1669 ;
843 1643 947 1663 verum
968 1641 1029 1662 non
1043 1632 1186 1669 deerunt,
1212 1630 1265 1670 qui
1285 1630 1393 1661 dicant
1418 1639 1465 1661 me
1479 1632 1605 1670 excogi-

140 1677 235 1711 tasse,
250 1676 340 1713 atque
352 1673 545 1705 arbitrentur
561 1675 658 1706 nullos
671 1675 757 1706 Deos
769 1676 849 1706 visos
863 1675 901 1706 ab
918 1674 1098 1705 hominibus.
1144 1674 1232 1705 Deus
1246 1676 1291 1704 est
1304 1672 1338 1703 in
1351 1672 1439 1703 nobis
1450 1683 1462 1709 ;
1472 1673 1603 1704 vivimus

142 1716 192 1746 illo
205 1720 350 1747 movente.
397 1717 462 1747 Hic
468 1717 564 1754 furor
579 1718 670 1748 habet
684 1719 838 1749 scintillas
862 1728 959 1749 sacroe
983 1718 1105 1748 mentis
1151 1716 1215 1747 Fas
1229 1715 1306 1747 mihi
1316 1716 1494 1756 proesertim
1509 1716 1605 1747 intui·

1754 1635 1763 1664 ⁵1

1760 1736 1763 1745 .

140 1762 205 1788 tum
221 1769 285 1789 esse
291 1759 408 1798 faciem
420 1761 571 1799 Deorum,
584 1762 630 1791 vel
645 1762 716 1801 quia
731 1772 798 1792 sum
809 1761 921 1801 Poeta,
935 1761 982 1791 vel
996 1760 1068 1801 quia
1083 1762 1172 1790 canto
1186 1768 1286 1790 sacra.
1331 1759 1391 1789 Est
1404 1759 1491 1799 sylva
1505 1759 1604 1800 spissa

140 1800 311 1840 arboribus,
338 1804 417 1833 locus
444 1804 596 1843 sepositus
624 1804 663 1834 ab
688 1805 771 1835 omni
793 1814 876 1841 sono,
899 1804 961 1835 nisi
973 1803 1151 1834 turbaretur
1164 1802 1321 1833 silentium
1333 1801 1372 1832 ab
1386 1801 1486 1841 aquis.
1531 1801 1604 1840 Ego

139 1845 188 1875 hic
214 1845 386 1875 meditabar
413 1856 479 1886 1111ae
505 1849 584 1877 esset
607 1847 690 1877 ratio
717 1848 829 1878 mensis
851 1846 979 1887 incepti,
995 1849 1025 1877 et
1052 1855 1136 1877 eram
1165 1845 1302 1875 solicitus
1326 1845 1364 1875 de
1387 1845 1448 1874 isto
1470 1843 1604 1876 nomine.

141 1887 223 1918 Ecce
237 1887 303 1918 vidi
318 1888 404 1919 Deas
417 1899 426 1919 :
454 1899 512 1919 non
528 1899 603 1930 quas
613 1893 786 1931 praeceptor
801 1890 913 1921 arandi
926 1890 1060 1929 uiderat,
1081 1898 1149 1920 cum
1170 1891 1279 1927 ageret
1296 1888 1427 1928 pecudes
1438 1886 1601 1919 Ascraeas:

753 1973 989 1985 eeeeeeeeeeee

185 2032 201 2059 1
227 2030 322 2060 Unus
339 2029 427 2060 liber
443 2031 546 2062 varias
562 2041 624 2071 pro
638 2032 760 2063 dubias.
782 2033 866 2064 Tum
893 2033 949 2064 Sa.
967 2037 1003 2064 et
1020 2036 1098 2064 octo
1115 2032 1170 2062 alii
1195 2032 1233 2062 de
1248 2040 1328 2061 nom.
1353 2030 1415 2060 Be.
1432 2037 1509 2060 cum
1526 2027 1601 2059 aliis

140 2071 339 2112 quibusdam
365 2072 475 2103 in.—2
498 2074 613 2104 Ursin.
642 2075 794 2114 Nauger.
821 2079 857 2106 et
882 2084 967 2105 unus
991 2075 1071 2105 Pat.
1098 2075 1157 2113 ips.
1183 2074 1268 2111 lege:
1293 2072 1394 2110 Laeti,
1419 2076 1454 2102 et
1475 2080 1528 2111 pr.
1555 2070 1601 2102 A.

139 2116 301 2153 legas.—3
327 2115 406 2145 Duo
419 2114 499 2145 libri
521 2116 601 2146 Vera
616 2127 682 2148 can.
699 2117 842 2148 totidem
858 2117 952 2147 Acta.
975 2117 1070 2147 Unus
1087 2116 1167 2147 Pet.
1185 2115 1246 2146 erit
1259 2124 1320 2154 pro
1335 2117 1424 2145 erunt
1436 2125 1449 2151 ,·
1472 2118 1508 2144 et
1523 2123 1601 2145 mox

138 2157 282 2196 loquatur
291 2167 302 2193 ‚·
324 2157 493 2196 meliores,
511 2162 599 2189 teste
615 2159 735 2189 Heius.
753 2160 915 2199 loquantur
931 2169 992 2199 pro
1008 2159 1100 2199 vulg.
1116 2159 1355 2198 loquentum—6
1377 2156 1448 2187 Pro
1463 2156 1602 2196 hic,ele-

139 2199 274 2239 gantius
289 2200 406 2230 Burm.
423 2205 522 2240 putat
537 2200 608 2231 hinc
620 2202 718 2232 unius
734 2202 824 2232 Mor.
840 2202 922 2232 Tum
937 2202 975 2232 F.
995 2211 1073 2233 sacr.
1088 2200 1207 2232 somnia
1218 2203 1313 2231 ment.
1327 2203 1363 2230 et
1374 2199 1453 2230 Pat.
1468 2199 1604 2232 nomina.

139 2244 202 2272 —7
226 2243 290 2273 Be.
305 2243 368 2273 vid.
386 2243 603 2274 Dearum.—9
626 2245 666 2275 R.
692 2245 775 2276 dens.
790 2254 913 2275 securus
937 2244 974 2274 ab
989 2247 1156 2276 omne—10
1179 2243 1232 2274 Sa.
1258 2252 1318 2273 non
1331 2244 1539 2282 astreperetur
1553 2251 1602 2282 aq.

140 2285 230 2315 Mor.
247 2288 502 2325 constreperetur.
526 2285 615 2317 Tum
639 2287 785 2318 Strozzae
810 2286 867 2318 lib.
885 2286 1032 2317 habebat
1056 2288 1142 2322 avis‚·
1166 2285 1255 2316 unde
1273 2285 1350 2315 olim
1367 2284 1454 2324 conj.
1482 2283 1602 2316 Heius.

140 2327 355 2367 obstreperetz's
376 2338 466 2359 aves.-
491 2332 526 2359 et
542 2329 657 2360 Burm.
674 2330 900 2370 obstreperetur
920 2330 1067 2360 avi.—13
1092 2330 1152 2360 Be.
1168 2339 1223 2360 uec
1248 2337 1311 2368 pro
1327 2336 1399 2358 non.
1421 2327 1506 2358 Tum
1522 2326 1602 2358 Pet.

140 2372 293 2410 spectator
308 2373 419 2402 arand.
436 2376 471 2403 et
487 2371 567 2404 Jun.
582 2376 728 2413 proecept.
744 2372 968 2404 amandi.—14
991 2372 1072 2405 Jun.
1089 2377 1125 2403 et
1151 2375 1220 2403 tres
1237 2370 1294 2402 alii
1306 2371 1379 2401 dum
1401 2379 1463 2411 pro
1477 2379 1603 2401 cum.—

802 2485 942 2517 NOTAE

183 2560 201 2587 5
226 2556 330 2597 Deus]
348 2557 538 2589 Instinctus
549 2558 685 2600 quidam
698 2560 842 2592 divInus.
941 2563 980 2592 13
1005 2560 1185 2599 Praeceptor
1196 2555 1321 2597 arandi]
1347 2555 1522 2587 Hesiodus
1538 2560 1606 2598 est,

182 2609 204 2638 6
227 2606 378 2648 Impetus]
409 2607 596 2643 Poetarum
612 2608 719 2643 furor.
897 2610 954 2652 qui
987 2609 1030 2640 de
1071 2619 1109 2640 re
1136 2608 1264 2639 rustica
1297 2606 1420 2638 librum
1453 2606 1604 2649 scripsit,

183 2657 305 2698 Sacrae]
334 2657 487 2689 Divinae.
896 2670 996 2703 quem
1019 2660 1028 2677 ‘
1045 2659 1162 2700 Opera
1178 2662 1214 2689 et
1231 2656 1330 2689 Dies’
1346 2657 1545 2698 appellavit.

182 2711 204 2739 9
218 2708 278 2738 Est
296 2707 416 2749 nemus]
449 2709 575 2740 Locum
598 2709 762 2743 describit
777 2721 843 2754 quo
942 2714 982 2743 14
998 2710 1154 2750 Ascroeas]
1180 2710 1273 2742 Quas
1288 2708 1331 2740 ad
1342 2708 1545 2739 Heliconem
1557 2719 1601 2740 ex

142 2758 185 2791 ad
198 2757 412 2791 scribendum
428 2764 628 2793 secesserat.
896 2761 1040 2794 Boeotiae
1057 2761 1133 2793 vico
1154 2759 1266 2792 Ascra
1289 2758 1468 2802 pascebat,
1489 2767 1566 2790 cum
1582 2767 1602 2790 a
