1773 3121
161 212 275 254 1878
647 226 686 257 P.
720 225 878 255 ovmu
912 224 1125 256 NAsonis

161 318 228 360 En
247 319 391 370 etiam,
414 320 453 360 si
473 321 572 374 quis
594 320 766 361 Borean
783 321 954 362 horrere
976 321 1165 372 solebat,

217 386 445 429 Gaudeat:
481 401 507 428 a
527 388 737 442 Zephyris
758 390 929 430 mollior
950 403 1056 430 aura
1076 388 1210 430 venit.

163 453 397 504 QUINTUS
421 457 475 496 ab
498 456 716 509 aequoreis
737 457 921 497 nitidum
937 458 1068 510 jubar
1084 455 1242 496 extulit
1259 453 1388 495 undis

219 522 409 572 Lucifer,
433 530 479 564 ct
500 524 627 577 primi
647 528 840 577 tempora
860 524 976 565 veris
998 528 1112 565 eunt.
1532 520 1617 561 150

165 589 235 630 Ne
255 590 407 631 fallare
427 595 570 631 tamen
590 605 600 643 3
627 595 790 632 restant
809 592 888 632 tibi
909 590 1085 644 frigora,
1106 594 1295 631 restant:

220 658 469 711 Magnaque
490 658 719 699 discedens
741 660 864 712 signa
883 660 1086 712 relinquit
1106 659 1272 712 hyems.

161 725 357 767 TER'HA
379 740 471 767 nox
493 728 639 768 veniat
657 741 665 768 :
698 726 935 768 Custodem
956 727 1155 780 protinus
1176 725 1322 767 Ursae.

218 793 429 846 Aspicies
450 796 645 846 geminos
667 795 894 834 exeruisse
912 793 1062 846 pedes.

162 859 277 900 Inter
299 860 656 914 Hamadryadas,
673 860 1068 914 jaculatricemque
1090 860 1292 909 Dianam,
1534 857 1620 899 155

218 926 403 968 Callisto
424 929 538 968 sacri
562 941 667 981 pars
690 928 773 968 fuit
793 941 880 968 una
902 926 1050 967 Chori-

160 1050 301 1078 snei-erat
324 1047 432 1078 timere
458 1048 597 1087 Borean,
623 1050 765 1080 loetetur:
787 1050 885 1081 lenior
911 1049 1042 1090 spiritus
1067 1048 1167 1080 oritur
1193 1059 1212 1078 α
1228 1048 1391 1088 Zephyris.
1484 1045 1623 1082 Quintus

161 1089 289 1127 Lucifer
304 1090 409 1121 emisit
421 1101 533 1130 purum
555 1093 745 1131 splendorem
770 1103 789 1123 a
806 1092 959 1133 fluctibus
976 1093 1116 1131 murinis,
1142 1095 1172 1122 et
1187 1094 1326 1131 tempora
1348 1090 1444 1130 primi
1457 1089 1539 1121 veris
1551 1100 1620 1120 cur-

159 1136 243 1163 runt.
291 1134 340 1163 Ne
366 1136 469 1164 tumen
484 1143 589 1170 erres,·
611 1138 772 1175 supersunt
799 1135 858 1165 tibi
874 1135 1016 1174 frigora,
1038 1137 1200 1174 supersunt
1211 1145 1224 1171 ‚·
1246 1137 1338 1174 utque
1365 1133 1472 1164 bruma
1489 1131 1623 1172 fugiens

160 1175 308 1214 relinquit
323 1185 435 1213 magna
450 1176 568 1207 indicia
583 1177 643 1207 sui.
735 1178 811 1208 Noa:
826 1178 923 1208 tertia
938 1178 1034 1215 adsit,
1058 1177 1201 1208 continuo
1227 1176 1343 1207 videbis
1357 1176 1512 1206 custodem
1530 1175 1620 1205 Ursoe

161 1218 309 1248 extulisse
322 1217 425 1249 ambos
438 1219 541 1258 pedes.
590 1220 718 1250 Callisto
736 1219 806 1257 fuit
818 1229 893 1259 pars
915 1230 977 1250 una
999 1220 1101 1250 turbae
1123 1229 1219 1250 sucrae
1234 1220 1319 1250 inter
1335 1218 1575 1259 Hamadryadas
1590 1221 1621 1248 et

774 1302 1010 1314 eeeeeeeeeeee

162 1360 305 1393 uccusat;
327 1359 501 1387 vem—148
527 1357 671 1387 Plurimi
695 1358 732 1388 Z.
757 1358 863 1388 mitior
889 1359 1066 1389 aun—149
1101 1357 1178 1388 Duo
1204 1356 1324 1387 Heius.
1351 1356 1410 1387 nit.
1436 1358 1528 1395 caput
1552 1358 1620 1387 ext.

164 1399 293 1430 Zulich.
315 1404 351 1430 et
368 1400 459 1429 Maz.
473 1402 565 1439 caput
579 1401 680 1430 exerit
698 1401 770 1430 und.
794 1402 893 1431 Voss.
909 1401 1012 1431 etiam
1036 1399 1168 1430 Arund.
1189 1403 1226 1429 et
1241 1403 1374 1438 septem
1391 1398 1551 1436 aliijubar
1567 1407 1623 1429 ex-

161 1441 342 1472 irit—150
367 1442 453 1471 Eunt
468 1450 511 1471 ex
526 1441 634 1472 tribus
659 1442 797 1482 scriptis
824 1452 884 1482 pro
909 1442 1000 1480 vulg.
1022 1445 1112 1472 ermzt
1135 1441 1266 1481 recepit
1290 1441 1409 1472 Heius.
1433 1440 1489 1480 qui
1516 1440 1622 1472 etiam

163 1489 273 1513 iotum
289 1482 460 1514 distichon
475 1484 525 1514 ita
541 1482 708 1524 refingere
727 1484 881 1515 volebat:
909 1484 1046 1519 Quintus
1067 1483 1120 1514 ubi
1144 1494 1200 1524 aeq.
1225 1483 1283 1513 nit.
1302 1482 1398 1520 jubar
1419 1483 1520 1512 exerit
1546 1484 1622 1514 mul.

167 1525 327 1563 ‘'within-s,
352 1534 389 1556 en
410 1535 462 1565 pr.
486 1529 581 1566 temp.
606 1537 670 1557 rer.
692 1530 884 1557 eunt.-—l5l
911 1527 998 1557 Laeti
1024 1526 1108 1557 Cod.
1136 1530 1172 1556 et
1198 1529 1343 1566 quatuor
1359 1525 1416 1555 alii
1434 1523 1508 1561 fall.
1525 1534 1596 1555 cave
1611 1535 1624 1561 ‚-

162 1570 344 1598 resa—152
367 1568 534 1608 Excerpt.
560 1569 607 1599 D.
633 1574 669 1600 et
684 1569 725 1600 P.
745 1570 917 1610 Multaque.
963 1568 1127 1600 Nonnulli
1151 1568 1253 1599 etiam
1277 1568 1356 1606 sign.
1379 1568 1542 1606 relinquet,
1566 1567 1621 1598 vel

162 1610 286 1650 seliquit
301 1610 461 1650 hy.—-153
492 1611 604 1641 Veniat
620 1621 663 1642 ex
679 1611 876 1643 melioribus
899 1611 1036 1652 reponit
1062 1611 1183 1642 Heius.
1200 1619 1262 1651 pro
1285 1610 1375 1650 vulg.
1399 1610 1524 1646 veniet5
1557 1609 1622 1640 Bo-

162 1662 240 1683 uon.
257 1657 293 1684 et
308 1653 391 1684 alius
407 1654 530 1690 aderit5
554 1654 642 1685 unde
657 1654 780 1687 Heius.
805 1655 892 1696 conj.
908 1655 1112 1686 adsit—156
1136 1654 1197 1685 Be.
1214 1663 1290 1684 cum
1317 1651 1518 1694 quibusdam
1536 1651 1623 1683 Edd.

823 1755 964 1789 NOTAE

166 1830 274 1861 denuo
292 1829 483 1862 admonere.-

208 1882 352 1922 Eminet]
364 1882 519 1913 Dimidia
529 1882 580 1913 sui
591 1885 690 1922 parte
699 1885 794 1913 ortus
804 1885 869 1914 est.

206 1934 269 1962 146
286 1932 419 1971 Fundit]
443 1931 499 1962 Ad
513 1932 545 1962 id
563 1932 684 1962 alludit
695 1931 785 1972 quod
801 1940 868 1961 non

164 1981 265 2011 niodo
273 1981 295 2013 J
299 1982 353 2012 ovi
365 1978 497 2021 praebet
505 1981 626 2021 pocula
638 1980 868 2020 Ganymedes,

164 2030 225 2062 sed
254 2031 302 2061 ita
329 2031 502 2070 dispositae
534 2035 613 2061 sunt
644 2031 765 2069 stellae,
790 2039 866 2070 quae

164 2080 247 2111 illud
263 2080 352 2111 sidus
369 2081 594 2117 constituunt,
609 2084 648 2110 ut
674 2090 753 2120 pars
776 2089 868 2110 max-

164 2132 232 2161 ima
269 2139 384 2161 earum
415 2130 509 2170 quasi
543 2128 663 2160 effusio
702 2138 865 2170 aquarum

164 2182 355 2213 videantur.

210 2234 269 2263 147
293 2230 434 2270 Borean]
480 2231 547 2263 Qui
572 2241 591 2261 a
615 2231 866 2271 Septemtrione

165 2287 286 2313 ventus
316 2280 556 2321 frigidissimus
593 2280 705 2311 aerem
743 2281 868 2322 perflat

163 2333 310 2374 hyemali
327 2336 492 2371 tempore.

208 2385 270 2414 148
287 2381 454 2422 Zephyris]
470 2381 627 2412 Mitior-es
640 2386 676 2413 et
688 2382 868 2413 calidiores

165 2437 244 2464 sunt
259 2432 300 2463 ab
316 2442 436 2462 occasu
455 2432 626 2472 spirantes
643 2434 745 2464 venti.

209 2485 271 2514 149
297 2482 445 2521 Quintus]
463 2482 493 2513 Α
512 2484 634 2522 Nonis,
650 2484 794 2522 scilicet,
811 2484 867 2514 illo

165 2538 279 2564 tamen
315 2533 370 2563 die
407 2533 670 2572 comprehenso:
716 2533 867 2574 adeoque

167 2584 285 2626 quinto
310 2583 404 2621 Idus,
420 2593 490 2622 seu,
506 2587 541 2613 nt
559 2592 772 2613 numeramus
798 2593 869 2622 nos,

166 2645 253 2667 nono
288 2634 476 2665 Februarii.
543 2634 743 2675 Quanquam
779 2635 866 2666 enim

166 2686 297 2716 Plinius
313 2684 355 2714 ad
382 2688 513 2714 ternum
538 2684 625 2714 diem
653 2690 730 2724 post
749 2684 866 2715 Nonas

168 2735 319 2774 retrahit,
335 2739 372 2765 et
398 2740 518 2765 auctor
540 2735 689 2765 incertus
709 2735 752 2765 ad
775 2740 867 2766 octa-

168 2797 246 2818 vum
269 2785 351 2817 Idus
374 2785 563 2825 constituit,
588 2785 800 2818 nihilominus
820 2790 867 2818 ta-

921 1841 999 1862 men
1010 1841 1029 1862 a
1045 1830 1192 1862 Nasonis
1205 1834 1321 1862 mente
1333 1829 1508 1862 aberravit
1524 1829 1624 1860 Bers-

921 1891 1072 1913 mannus.
1130 1881 1292 1912 Tabulam
1319 1882 1453 1922 inspice
1474 1885 1532 1911 aut
1553 1880 1624 1911 Ka-

921 1932 1110 1963 lendarium
1140 1932 1216 1962 huic
1242 1931 1339 1971 operi
1368 1929 1557 1971 praefixum,
1588 1934 1624 1961 et

922 1987 997 2013 tute
1013 1992 1084 2013 rem
1100 1982 1207 2022 ipsam
1222 1981 1438 2022 dijudicabis.

966 2035 1028 2063 150
1051 2031 1192 2072 Lucifer]
1231 2031 1425 2063 Luciferum
1441 2041 1499 2063 sen
1516 2031 1624 2062 Phos-

922 2084 1077 2124 phorum,
1108 2088 1166 2114 aut
1194 2083 1338 2114 Veneris
1368 2084 1515 2122 stellam,
1545 2093 1622 2124 quae

923 2134 1008 2164 Solis
1024 2138 1134 2164 ortum
1149 2133 1326 2173 praecedit,
1342 2142 1401 2173 pro
1414 2132 1470 2163 die
1484 2132 1574 2173 ipso,
1585 2136 1625 2163 ut

923 2193 1013 2224 saepe
1029 2184 1121 2222 alibi,
1138 2183 1262 2224 posuit.

966 2236 1027 2264 153
1054 2233 1174 2272 Tertia]
1216 2232 1333 2263 Tertio
1355 2232 1438 2263 Idus
1459 2230 1625 2273 adeoque,

923 2293 982 2314 seu
999 2283 1177 2314 undecimo
1194 2282 1383 2314 Februarii.

966 2332 1147 2372 Custodem]
1159 2333 1288 2363 Bootes
1299 2337 1424 2371 est,seu
1433 2330 1628 2372 Arctophy-

920 2384 991 2423 lax,
1016 2384 1047 2414 in
1065 2393 1165 2424 quem
1190 2373 1401 2413 deformatus
1423 2381 1534 2412 Arcas
1551 2381 1628 2413 Cal-

921 2434 1018 2465 listus
1038 2433 1137 2464 filius.
1182 2433 1222 2463 In
1247 2442 1287 2463 eo
1316 2437 1427 2462 autem
1452 2431 1574 2471 sidere,
1589 2434 1626 2461 et

922 2484 1031 2515 medio
1042 2492 1192 2520 crurum,
1203 2482 1301 2512 stella
1311 2485 1363 2511 est
1371 2490 1446 2521 quae
1455 2479 1625 2511 Arcturus

921 2534 1062 2572 dicitur,
1078 2532 1120 2563 de
1145 2541 1210 2572 qua
1225 2540 1313 2562 nunc
1340 2530 1486 2561 maxime
1502 2530 1625 2570 agitur.

923 2585 972 2614 Ea
989 2592 1069 2614 vero
1096 2581 1263 2612 Aci-onice
1281 2580 1368 2611 veris
1392 2580 1489 2611 initio
1503 2581 1626 2620 oritur,

922 2639 957 2664 et
989 2632 1123 2672 vesperi
1156 2631 1304 2671 conspici
1336 2631 1469 2670 incipit,
1499 2635 1538 2662 ut
1558 2634 1626 2662 tes-

924 2688 1044 2714 tantur
1063 2683 1165 2713 oculi.

967 2736 1027 2765 154
1054 2732 1239 2772 lia-eruisse]
1272 2732 1370 2763 Dicit
1386 2732 1477 2763 istud
1497 2732 1578 2774 quia
1588 2731 1626 2764 in

923 2784 1010 2816 coelo
1025 2784 1073 2816 ita
1085 2783 1223 2825 oblique
1238 2782 1423 2824 dispositus
1435 2782 1574 2824 Bootes,
1588 2786 1628 2814 ut
