1773 3121
247 235 360 278 1888
740 248 778 278 e.
810 248 972 278 ovinu
1005 247 1219 279 NAsoms

248 341 345 383 Pan
365 347 460 384 erat
476 341 656 383 armenti
677 346 846 391 custos,
870 342 964 382 Pan
983 356 1144 382 numen
1164 355 1375 396 equarum
1392 357 1402 385 ε

307 409 471 451 Munus
491 410 548 451 ob
568 409 807 450 incolumes
827 410 901 450 ille
922 411 1089 451 ferebat
1110 423 1230 450 oves.

247 476 487 518 Transtulit
512 477 713 518 Evander
734 479 964 532 sylvestria
982 478 1159 518 numina
1181 490 1341 517 secum.

306 543 397 585 Hic
418 546 495 585 ubi
513 558 630 586 nunc
650 544 767 586 Urbs
786 549 863 594 est,
887 550 978 585 tum
999 545 1126 585 locus
1148 544 1285 585 Urbis
1306 548 1416 585 erat.
1621 545 1706 588 280

250 610 357 652 Inde
378 611 523 653 Deum
544 614 743 663 colimus,
765 613 1033 666 devectaque
1055 626 1180 653 sacra
1209 612 1430 665 Pelasgis.

306 677 488 719 Flamen
509 680 566 720 ad
587 680 682 721 haec
703 681 852 733 prisco
874 693 992 721 more
1014 680 1159 720 Dialis
1181 682 1286 720 erat.

250 744 339 786 Cur
358 746 488 799 igitur
508 751 706 798 currant3
737 753 781 787 et
801 761 878 787 cur
907 747 996 801 (sic
1019 760 1187 788 currere
1207 760 1303 788 mos
1324 745 1411 802 est)

307 813 444 854 Nuda
466 814 606 855 ferant
626 815 773 867 posita
793 820 978 867 corpora
1000 818 1134 863 veste,
1155 815 1323 866 rogas?

249 881 357 934 Ipse
379 881 504 921 Deus
528 881 657 921 velox
678 879 917 922 discurrere
937 880 1102 932 gaudet
1122 881 1166 920 in
1188 882 1290 921 altis
1622 878 1708 921 ‘285

306 947 566 998 Montibus3
597 950 640 986 et
661 948 830 987 subitas
849 947 1044 988 concitat
1062 947 1138 988 ille
1159 947 1292 988 feras.

249 1014 354 1066 Ipse
373 1015 496 1055 Deus
517 1014 660 1054 nudus
681 1013 820 1054 nudos
837 1013 965 1067 jubet
986 1015 1047 1054 ire
1067 1014 1286 1055 ministros
1305 1027 1314 1054 ε

306 1081 403 1122 Nec
424 1082 534 1122 satis
556 1081 611 1123 ad
635 1094 810 1123 cursum
833 1082 1064 1123 commoda
1084 1082 1219 1123 vestis
1240 1086 1347 1123 erat.

249 1203 376 1242 Cyllene
391 1205 520 1242 excelsa,
544 1207 574 1235 et
589 1205 672 1234 nives
697 1204 892 1235 Parrhasiae.
940 1205 1010 1234 Pan
1025 1207 1093 1235 erat
1118 1207 1220 1234 custos
1235 1203 1380 1242 armenti,
1405 1204 1477 1234 Pan
1493 1214 1603 1236 numen
1618 1214 1708 1245 equa-

246 1255 336 1276 rum:
359 1246 411 1276 ille
425 1246 554 1277 habebat
570 1248 647 1276 dona
662 1251 786 1286 propter
797 1248 927 1286 pecudes
940 1248 1052 1277 salvas.
1088 1247 1235 1277 Evander
1250 1247 1429 1277 transvexit
1444 1248 1530 1278 Deos
1542 1249 1709 1287 sylvestres

246 1298 355 1319 secum.
404 1288 488 1319 Tunc
503 1290 585 1319 locus
605 1288 699 1319 Urbis
714 1292 793 1326 erut,
820 1289 873 1319 nbi
893 1289 973 1319 Urbs
996 1299 1075 1320 nunc
1096 1292 1151 1319 est.
1197 1289 1275 1318 Inde
1291 1289 1416 1319 colimus
1430 1290 1517 1319 hunc
1533 1290 1649 1327 Deum,
1677 1293 1707 1320 et

246 1340 335 1360 sacra
349 1331 479 1362 deducta
495 1342 514 1361 ιι
529 1332 684 1370 Pelasgis
732 1332 761 1362 F
760 1333 858 1362 lamen
872 1332 979 1362 Dialis
991 1335 1057 1362 erat
1073 1332 1113 1361 αιί
1125 1331 1189 1361 hoec
1199 1331 1330 1370 antiqua
1342 1332 1569 1362 consuetudine.
1616 1332 1708 1363 Petis

246 1382 321 1411 ergo
336 1374 528 1413 quamobrem
552 1374 739 1413 discurrant,
765 1378 795 1404 et
819 1374 1014 1414 quamobrem
1034 1377 1147 1413 gerant
1172 1383 1298 1414 corpora
1323 1375 1418 1413 nuda,
1443 1374 1558 1404 amictu
1573 1373 1708 1406 omisso?

247 1424 322 1446 nam
338 1425 401 1446 mos
415 1419 461 1446 est
475 1416 521 1445 ita
537 1417 716 1446 discurrere.
762 1417 833 1455 Ipse
851 1417 939 1446 Deus
954 1417 1036 1446 citus
1057 1419 1141 1446 amnt
1157 1416 1330 1446 discurrere
1342 1417 1375 1446 in
1390 1416 1518 1447 excelsis
1532 1417 1684 1448 montibus
1695 1426 1708 1453 ;

246 1462 338 1497 atque
353 1458 380 1488 is
394 1457 498 1496 agitat
503 1458 596 1496 feras
611 1459 735 1488 veloces.
781 1459 852 1497 Ipse
868 1459 954 1489 Deus
969 1459 1068 1488 nudus
1083 1459 1148 1487 vult
1164 1458 1323 1488 ministros
1337 1459 1434 1489 nudos
1447 1468 1572 1490 currere
1581 1469 1592 1496 ,·
1612 1469 1708 1500 neque

854 1534 1092 1546 eeeeeeeeeeee

245 1595 315 1627 seq.
341 1595 390 1617 vs.
412 1586 521 1617 curris.
546 1586 768 1618 Burin—275
794 1586 833 1617 P.
853 1585 995 1624 Cinctaq.
1018 1584 1270 1625 spinetis—276
1294 1585 1413 1617 Heius.
1437 1585 1560 1618 suadet
1581 1587 1707 1628 Cyllene

247 1639 321 1659 cum
337 1629 436 1660 Voss.
453 1630 542 1660 Maz.
559 1629 688 1660 Zulich.
706 1634 740 1660 et
764 1629 883 1659 decem
909 1628 1004 1658 aliis:
1041 1628 1129 1668 vulg.
1156 1627 1324 1659 edebatur
1351 1629 1520 1667 Troezene,·
1553 1629 1594 1661 P.
1611 1635 1646 1661 et
1663 1631 1709 1662 D.

251 1672 466 1711 Tigene.-27
470 1675 488 1703 7
511 1672 639 1703 Thnan.
667 1682 710 1703 er.
734 1671 884 1702 armentis
905 1673 985 1702 cust.
1031 1670 1115 1701 Mox
1132 1670 1164 1700 in
1182 1671 1383 1711 quibusdam
1400 1671 1502 1703 editis
1519 1676 1555 1703 et
1571 1673 1709 1713 scriptis

248 1715 319 1745 Pan
334 1715 412 1753 illic,
431 1715 485 1745 vel
507 1715 583 1753 illis,
607 1725 639 1745 n.
666 1725 836 1755 aquarum.-
870 1713 904 1744 in
931 1713 1083 1754 plurimis
1112 1713 1221 1745 Codd.
1245 1724 1403 1754 equarum.
1448 1715 1608 1756 Denique
1625 1716 1710 1748 eod.

248 1756 335 1788 Laeti
352 1762 387 1788 et
401 1762 471 1788 tres
490 1758 547 1787 alii
563 1757 610 1788 sic
627 1758 731 1789 habet
748 1757 818 1788 Pan
832 1759 899 1787 erat
912 1757 1046 1786 armenti
1061 1759 1138 1787 cust.
1162 1757 1233 1787 Pan
1247 1767 1276 1787 n.
1292 1767 1459 1797 aquarum;
1481 1758 1570 1799 quod
1587 1758 1709 1790 Heins.

247 1799 468 1840 amplectitur
484 1801 512 1830 si
528 1800 620 1840 legas
643 1802 907 1841 equarum-280
930 1798 987 1830 Fr.
1003 1802 1077 1830 tunc
1101 1809 1163 1840 pro
1180 1802 1365 1831 tum—282
1389 1799 1460 1831 Pro
1475 1801 1515 1831 ad
1529 1801 1594 1831 hoec
1619 1801 1709 1833 Maz.

247 1848 283 1873 et
300 1847 447 1882 quatuor
463 1843 518 1873 alii
533 1843 571 1873 ab
593 1843 669 1880 hoc;
692 1843 835 1874 totidem
859 1843 900 1873 ad
922 1841 999 1879 hoc;
1034 1846 1103 1872 tres
1132 1841 1251 1878 «dnum
1275 1852 1360 1873 unns
1386 1842 1422 1873 ob
1447 1843 1512 1875 hoc.
1556 1844 1603 1874 Et
1628 1853 1708 1874 mox

246 1884 425 1916 duodecim
442 1885 559 1926 scripti
586 1887 628 1917 D.
652 1886 736 1921 erit,·
759 1891 794 1915 et
810 1885 877 1915 duo
894 1885 973 1915 inest
987 1896 998 1915 :
1032 1884 1154 1915 Heius.
1171 1885 1259 1924 conj.
1275 1888 1338 1924 eat,
1357 1886 1409 1916 vel
1425 1885 1517 1923 adit;
1540 1891 1577 1917 et
1591 1886 1710 1918 Burm.

248 1927 386 1958 volebat
399 1928 512 1965 adhuc,
529 1933 563 1958 et
589 1929 669 1966 agit.
708 1928 823 1958 Ursini
851 1927 938 1957 liber
963 1931 999 1956 et
1025 1926 1092 1956 duo
1120 1926 1176 1957 alii
1203 1926 1373 1957 distichon
1399 1928 1463 1958 hoc
1490 1928 1709 1959 omittunt.—
1771 1918 1773 1940 ²

246 1971 308 1999 283
334 1970 388 2000 Sic
413 1971 533 2000 Heius.
563 1971 644 2008 legit
670 1979 747 2000 cum
773 1969 908 2008 seriptis
933 1967 1104 2008 plerisque
1130 1977 1193 2008 pro
1215 1969 1306 2008 vulg.
1331 1970 1478 2001 si.—284
1502 1969 1600 2000 Alter
1615 1970 1707 2002 Maz.

249 2011 399 2051 Nudaque
413 2012 474 2042 sint
490 2015 664 2051 pos.—2S6
687 2012 728 2042 In
745 2011 949 2051 quibusdam
970 2009 1065 2041 subit.
1082 2010 1213 2050 concipit
1231 2011 1308 2050 ipse,
1325 2015 1361 2042 et
1376 2011 1439 2042 z'cle.
1484 2011 1587 2052 Vulg.
1603 2012 1707 2044 etiam

247 2052 412 2084 edebatur
438 2054 550 2084 concit.
575 2054 659 2093 ipse,·
692 2054 751 2084 sed
779 2053 897 2084 Heius.
926 2062 968 2083 ex
989 2052 1097 2083 Codd.
1124 2053 1276 2092 reposuit
1298 2053 1374 2089 ille;
1405 2054 1492 2094 conj.
1508 2054 1612 2085 etiam
1626 2054 1708 2087 inde.

247 2095 406 2135 Denique
432 2096 549 2126 Ursini
576 2096 660 2127 Cod.
685 2101 719 2126 et
748 2096 895 2136 quinque
922 2095 979 2125 alii
1003 2095 1138 2135 concipit
1160 2095 1213 2125 ille
1230 2095 1450 2134 fugas.—-28⁷
1476 2096 1604 2128 Thuan.
1631 2098 1707 2129 nud.

246 2139 330 2168 amat
342 2138 389 2168 z're
404 2138 478 2168 min.
522 2138 584 2169 Be.
608 2143 644 2169 et
670 2139 768 2169 multi
791 2138 846 2168 alii
856 2137 947 2176 jubet
974 2137 1046 2177 isse,
1072 2142 1108 2168 et
1133 2138 1182 2168 ita
1208 2138 1346 2179 quidam
1368 2138 1572 2171 edith—28⁷
1596 2140 1653 2171 Fr.
1672 2146 1707 2172 et

903 2233 1044 2266 NOTAE

289 2310 350 2338 275
376 2307 564 2348 Nonacrini]
601 2308 769 2341 Nonacris
786 2309 888 2341 etiam
913 2309 946 2340 in

247 2357 389 2389 collibus
401 2358 587 2400 Arcadicis,
600 2370 642 2392 ex
653 2370 719 2402 quo
729 2361 814 2401 Styx
823 2359 945 2391 fluvius

247 2414 398 2440 emanat.
883 2447 888 2451 ¹

289 2461 352 2490 276
391 2460 532 2501 Cyllene]
574 2461 674 2492 Mons
703 2465 755 2492 est
786 2459 945 2491 Arcadiae

246 2510 360 2540 etiam.

288 2560 484 2601 Parrhasioe]
515 2560 692 2591 Arcadiam
709 2565 817 2592 totam
834 2570 873 2591 eo
890 2570 946 2590 no-

246 2609 336 2640 mine
344 2609 467 2641 dictam
478 2610 658 2651 fnissejnm
670 2620 772 2650 supra
782 2610 945 2641 diximus:

247 2659 309 2690 sed
320 2659 375 2691 hic
388 2669 449 2700 per
462 2661 555 2692 nives
569 2666 713 2699 montes,
724 2661 819 2701 quasi
832 2670 945 2691 omncs

246 2709 352 2741 nivosi
365 2714 456 2748 sunt,
467 2710 688 2751 intelligendi.

289 2763 354 2792 278
377 2760 524 2801 Ferebat]
552 2762 641 2794 Quia
663 2771 744 2792 oves
770 2760 944 2801 tuebatur,

246 2811 294 2843 illi
311 2820 445 2853 quoqne
459 2820 600 2844 munera
614 2810 855 2845 offerebantur.

1043 2311 1107 2340 280
1135 2310 1230 2350 Urbs]
1257 2310 1376 2351 Roma,
1393 2310 1534 2342 scilicet.

1044 2362 1105 2391 281
1131 2361 1247 2401 Deum]
1278 2360 1386 2399 Pana,
1403 2360 1546 2392 scilicet.

1044 2410 1205 2450 Pelasgis]
1227 2411 1279 2441 Ab
1295 2410 1503 2451 Arcadibus,
1519 2409 1576 2452 qui
1592 2414 1628 2442 et
1643 2409 1702 2442 illo

1000 2461 1134 2492 nomine
1151 2460 1245 2491 dicti.

1042 2513 1105 2541 282
1129 2509 1252 2549 Dialis]
1270 2509 1426 2541 QuiJovi
1437 2518 1535 2539 sacra
1546 2507 1702 2548 perficie-

1000 2561 1070 2592 bat.
1115 2562 1237 2601 Neque
1259 2560 1390 2591 mireris
1416 2560 1505 2600 quod
1531 2559 1618 2591 Pani
1641 2561 1701 2592 mi·

999 2611 1174 2649 nistmret,
1189 2619 1264 2640 cum
1293 2620 1368 2640 eum
1395 2615 1548 2641 naturam
1565 2611 1701 2643 univer-

999 2671 1069 2692 sam
1086 2661 1252 2693 etJovem
1269 2661 1377 2701 ipsum
1391 2671 1465 2692 esse
1477 2660 1701 2693 crediderint.

1041 2715 1103 2743 283
1127 2711 1198 2751 Sic]
1234 2712 1406 2752 Lupercos
1435 2721 1582 2752 corpore
1607 2711 1699 2743 nudo

998 2763 1190 2794 discurrere
1206 2762 1321 2794 solitos
1338 2772 1414 2794 cum
1430 2761 1564 2804 singula
1577 2762 1699 2795 lustra-

999 2818 1078 2846 rent
1093 2812 1224 2846 asserit.
