1773 3121
182 239 295 282 2180
667 251 709 282 P.
742 251 902 282 ovinn
935 240 1148 285 NASoms'

182 344 342 387 Dulcis
362 347 455 386 erat
474 343 672 385 mercede
691 345 842 386 labor:
872 349 1134 401 tempusque
1154 351 1368 398 secutum,
1483 344 1491 365 ³

242 410 374 462 Quod
392 412 539 452 subito
562 410 712 453 Graiae
733 411 946 466 frangeret
965 415 1067 455 artis
1089 427 1216 468 opus.

183 478 312 519 Adde
331 478 452 532 quod
468 478 646 528 AEdilis,
668 492 879 533 pompam
897 481 972 534 qui
991 481 1156 522 funeris
1175 482 1300 532 irent,

238 545 444 586 Artifices
466 546 586 587 solos
599 546 791 600 jusserat
811 561 907 588 esse
928 548 1096 589 decem.

182 612 332 653 Exilio
351 616 523 653 mutant
545 612 725 663 Urbem,
745 614 968 667 Tiburque
988 612 1223 655 recedunt:

237 679 455 733 (Exilium
477 680 669 733 quodam
690 684 883 734 ternpore
902 681 1042 721 Tibur
1061 683 1151 721 erat
1168 679 1200 733 :)

183 745 406 795 Quaeritur
425 747 470 786 in
491 759 625 786 scena
646 759 758 787 cava
779 747 913 797 tibia3
945 747 1157 799 quaeritur
1179 747 1290 789 aris:

239 812 374 852 Ducit
396 824 620 863 supremos
639 813 785 851 naenia
803 812 925 852 nulla
946 816 1080 854 toros.

181 878 406 919 Servierat
424 877 615 930 quidam,
638 878 917 931 quantolibet
937 877 1086 920 ordine
1108 880 1275 932 dignus,

234 943 425 985 Tibure:
456 943 532 983 sed
552 944 686 997 longo
706 949 902 998 tempore
923 946 1036 987 liber
1055 950 1162 987 crat.

1551 608 1637 655 665

1547 945 1634 988 670

182 1064 259 1095 tibia
287 1064 488 1096 adhibebatur
514 1065 657 1096 tristibus
681 1065 830 1107 exequiis.
875 1067 977 1098 Labor
1002 1071 1070 1099 erat
1095 1067 1199 1098 suavis
1219 1066 1371 1107 proemi0;
1401 1069 1491 1106 atque
1518 1069 1638 1107 tempus

179 1111 291 1146 ortum,
314 1109 392 1147 quod
412 1111 535 1147 repente
558 1109 709 1140 minueret
735 1120 808 1150 opus
823 1110 903 1140 artis
922 1111 1053 1142 Graecoe.
1097 1111 1185 1142 Adde
1206 1111 1285 1149 quod
1300 1108 1414 1140 AEdilis
1430 1109 1634 1148 imperaverat

178 1150 257 1180 solos
271 1159 333 1180 esse
348 1151 448 1180 decem
465 1150 616 1188 tibicines,
642 1152 693 1190 qui
706 1154 916 1191 praecederent
939 1163 1080 1194 pompam
1089 1153 1260 1192 funeream.
1305 1153 1433 1182 Mutant
1453 1151 1568 1182 Urbem
1581 1161 1636 1182 ex-

178 1192 246 1230 ilio,
285 1195 376 1231 atque
404 1194 569 1223 concedunt
596 1193 711 1224 Tibur:
749 1194 844 1225 Tibur
867 1197 996 1235 quodum
1018 1200 1155 1236 tempore
1180 1195 1307 1226 exitium
1333 1198 1421 1225 erat:
1457 1203 1531 1225 cava
1558 1194 1638 1225 tibia

178 1234 338 1274 expetitur
351 1235 383 1264 in
398 1234 520 1264 theatro
531 1245 542 1271 ;
564 1235 757 1265 desideratur
771 1238 811 1266 ad
826 1237 960 1273 nimrim·
983 1239 1067 1268 milla
1081 1239 1183 1268 menia
1205 1237 1300 1277 praeit
1314 1237 1432 1268 ultimis
1446 1236 1634 1276 agminibus.

182 1277 317 1312 Quidam
331 1277 443 1316 dignus
457 1276 644 1316 quantolibet
655 1278 761 1308 ordine
774 1278 924 1309 servierat
942 1279 1077 1317 Tibure;
1099 1289 1202 1311 <rerum
1217 1280 1418 1310 manumissus
1428 1282 1495 1310 erat
1510 1289 1529 1310 a
1543 1279 1635 1319 longo*

788 1361 1025 1373 eeeeeeeeeeee

177 1414 302 1451 pactae,·
331 1410 512 1441 Pembroc.
543 1410 691 1449 placitoe,·
714 1414 749 1441 et
772 1411 861 1442 Mor.
887 1414 1097 1443 eastern—661
1127 1412 1184 1443 Fr.
1205 1414 1300 1442 secut.
1333 1411 1498 1442 est.—662
1524 1408 1633 1449 Grqy‘oe

180 1453 326 1493 optimus
355 1451 475 1484 Patav.
499 1452 597 1491 prim.
615 1453 754 1484 Farnes.
785 1453 914 1485 Mazar.
944 1453 1075 1485 Arund.
1106 1454 1230 1495 aliique
1261 1452 1434 1491 nonnulli3
1456 1458 1491 1484 et
1514 1458 1634 1492 recte3

179 1495 269 1535 quod
296 1505 339 1525 ex
364 1494 460 1525 stolae
487 1505 550 1525 usu
578 1500 703 1535 praeter
729 1505 856 1527 morem
882 1497 1069 1527 Romanum
1087 1497 1216 1536 liquet:
1243 1496 1283 1527 de
1300 1505 1367 1536 quo
1384 1504 1507 1536 supra:
1531 1495 1634 1535 [Not.

179 1539 260 1569 Var.
291 1537 397 1568 ceteri
422 1537 552 1577 gruem]
574 1539 647 1569 Art.
670 1548 744 1578 opus
768 1538 846 1579 [pro
871 1539 956 1579 opes]
987 1540 1088 1570 etiam
1125 1539 1253 1577 Ursini,
1274 1538 1421 1579 optimus
1447 1537 1634 1568 Patavinus

178 1585 213 1611 et
230 1585 375 1621 quatuor
400 1580 476 1610 aiii:
508 1579 555 1610 sic
577 1580 633 1610 lib.
662 1590 685 1610 1.
702 1584 775 1612 268.
801 1584 809 1598 ⁴
827 1581 907 1621 Ipse
934 1592 1016 1612 meae
1043 1582 1130 1612 movi
1156 1581 1297 1612 callidus
1324 1581 1407 1612 artis
1433 1590 1516 1620 opus
1530 1579 1551 1610 :'
1575 1579 1636 1611 ubi

179 1623 267 1653 maie
282 1632 367 1663 opem
384 1622 592 1653 substituunt
609 1623 684 1653 libri
702 1623 848 1663 quidam.
872 1624 1104 1655 Heius—663.
1123 1627 1186 1656 664
1210 1622 1368 1655 Gothofr.
1385 1623 1426 1653 ad
1444 1624 1547 1662 Legg.
1565 1631 1635 1654 ΧΠ.

177 1664 358 1696 Tabul.ita
375 1664 552 1695 emendat:
578 1665 680 1704 Adde,
696 1667 773 1705 quod
797 1667 917 1701 edictis,
942 1676 1052 1707 pompa
1067 1667 1120 1707 qui
1139 1666 1263 1705 funeris
1277 1667 1372 1704 irent,
1394 1665 1543 1706 Artzfices
1555 1665 1635 1696 solos

170 1707 225 1746 jus
239 1710 308 1738 erat
321 1717 385 1738 esse
402 1708 513 1738 decem.
561 1707 735 1748 Improbat
765 1708 837 1739 haec
862 1710 977 1741 Burm.
1003 1709 1095 1748 ideo,
1122 1709 1212 1750 quod
1239 1709 1248 1725 ‘
1266 1707 1390 1739 edicti’
1407 1717 1529 1738 nomen
1551 1716 1635 1737 nun-

177 1759 279 1790 quam
302 1749 432 1790 legibus
459 1749 636 1780 duodecim
663 1750 782 1781 Tabul.
810 1751 980 1783 tribuitur.
1026 1753 1173 1792 Pompam
1200 1761 1260 1792 pro
1289 1751 1377 1791 vulg.
1402 1759 1511 1790 pompa
1537 1748 1635 1780 dedit

179 1791 298 1823 Heius.
313 1802 355 1823 ex
372 1791 487 1823 Ursin.
505 1797 540 1822 et
555 1792 703 1823 Strozzae
732 1793 840 1824 Codd.
867 1799 906 1825 ut
934 1794 1042 1826 simile
1060 1795 1104 1825 sit
1119 1795 1165 1826 illi
1183 1795 1192 1812 ‘
1211 1794 1371 1834 exequias
1386 1792 1458 1824 ire?
1502 1792 1581 1832 Ipse
1597 1795 1635 1823 et

178 1834 299 1866 suadet
312 1845 443 1875 pompoe,
467 1838 503 1865 nt
520 1834 585 1874 ipsi
612 1835 768 1866 tibicines
792 1835 1145 1876 intelligantur.——667
1170 1836 1240 1867 Alii
1255 1838 1373 1874 leuant
1398 1835 1432 1866 in
1457 1844 1541 1865 coena
1566 1843 1633 1864 cuv.

177 1880 283 1908 -668
306 1878 437 1909 Bouon.
453 1878 553 1908 Ducis
574 1887 659 1918 supr.
704 1879 799 1909 Unus
819 1879 858 1911 V.
886 1880 985 1911 Ducit
1001 1880 1149 1918 funereos
1163 1890 1244 1911 men.
1289 1878 1392 1910 Multi
1416 1877 1519 1909 etiam
1546 1880 1635 1908 vett.

831 1977 863 2008 N
870 1977 975 2009 OTAE

220 2057 281 2085 661
306 2055 465 2095 Mercede]
488 2055 534 2086 Iis
551 2056 607 2097 qui
622 2056 655 2087 in
672 2057 776 2088 sacris
794 2067 878 2098 prae-

176 2105 394 2146 cinerentjus
410 2107 529 2138 eratin
546 2107 619 2138 aede
636 2109 739 2139 vesci.

221 2157 366 2198 Tempus]
404 2157 483 2188 Non
514 2160 661 2196 tempus,
694 2158 754 2188 sed
786 2159 875 2199 quod

175 2206 335 2238 fecerunt
362 2208 528 2239 Censores
557 2207 687 2248 Appius
713 2209 875 2240 Claudius

176 2261 214 2288 et
244 2256 284 2290 C.
306 2257 477 2295 Plautius,
505 2267 592 2288 anno
617 2258 658 2287 ab
680 2258 774 2289 Urbe
800 2262 876 2290 443.

175 2307 234 2348 qui
249 2307 283 2338 in
300 2307 374 2339 aede
397 2307 493 2340 Jovis
510 2308 602 2338 vesci
628 2307 783 2339 tibicines
801 2319 877 2350 pro-

173 2357 367 2389 hibuerunt.

217 2408 280 2436 663
305 2407 437 2446 AEdilis]
464 2406 593 2448 Appius
621 2407 795 2446 Claudius,
820 2409 877 2449 qui

175 2459 277 2487 antea
318 2465 380 2496 per
411 2457 598 2488 AEdilitatis
629 2468 698 2489 suae
730 2463 876 2498 tempus,

175 2506 336 2537 damnoso
361 2508 505 2547 quodam
532 2508 660 2545 edicto,
686 2519 752 2550 quo
782 2509 877 2541 fune-

173 2556 251 2588 bres
268 2561 396 2588 sumtus
413 2557 618 2596 coarctavit,
631 2559 818 2599 statuitque
834 2569 876 2590 ne

177 2606 252 2648 quis
276 2607 390 2647 plures
406 2617 505 2647 quam
524 2607 639 2637 decem
662 2617 703 2637 ex
727 2607 874 2638 tibicini-

175 2657 238 2688 bus
254 2657 288 2688 in
304 2657 457 2698 exequiis
485 2657 675 2697 adhiberet,
699 2667 756 2688 eos
773 2658 871 2689 valde

176 2707 336 2740 irritavit.

217 2761 279 2788 665
305 2757 434 2799 Exilia]
484 2757 579 2788 Pulsi
612 2766 677 2788 non
711 2757 873 2796 fuerunt;

177 2808 235 2839 sed
253 2807 316 2849 ipsi
331 2808 412 2839 irati
425 2807 532 2839 Tibur
548 2817 583 2839 se
597 2807 825 2840 contulerunt.

974 2061 1039 2090 666
1062 2056 1224 2096 Exilium]
1261 2056 1331 2087 Pro
1362 2065 1398 2087 se
1425 2054 1514 2086 istud
1544 2053 1633 2086 dixit

931 2109 1039 2147 Naso,
1055 2108 1110 2148 qui
1135 2112 1204 2138 tam
1220 2107 1320 2146 longe
1336 2109 1446 2144 actus,
1462 2113 1537 2135 cum
1552 2104 1632 2135 olim

930 2159 1047 2197 Tibur,
1073 2158 1302 2189 suburbanum
1328 2165 1436 2196 prope
1457 2154 1633 2196 oppidum,

931 2209 1070 2239 exilium
1088 2212 1190 2239 esset.

973 2261 1035 2289 667
1062 2257 1241 2297 Qnaeritur]
1266 2256 1371 2287 Nulla
1393 2255 1458 2286 fuit
1486 2254 1570 2286 tibia
1593 2254 1629 2286 in

933 2308 1075 2340 theatris
1103 2313 1207 2349 atque
1236 2307 1336 2348 ludis,
1365 2307 1444 2348 quia
1470 2305 1629 2337 tibicines

931 2358 1096 2389 abierant.

978 2406 1104 2447 Noem‘a]
1144 2406 1301 2444 Carmen,
1324 2405 1415 2446 quod
1445 2405 1478 2436 in
1508 2404 1629 2436 funere

931 2457 1092 2488 laudandi
1108 2466 1210 2487 causa
1227 2455 1267 2486 ad
1286 2454 1403 2486 tibiam
1420 2458 1631 2495 cantaretur,

932 2509 1059 2538 nulium
1076 2511 1162 2538 erat.

976 2560 1039 2588 669
1062 2555 1238 2595 Ser-tieret]
1260 2555 1300 2585 ln
1318 2564 1359 2585 eo
1381 2558 1432 2585 est
1456 2554 1561 2595 Naso,
1576 2558 1629 2595 ut,

932 2606 1101 2647 quomodo
1124 2605 1273 2636 restituti
1295 2604 1422 2635 fuerint
1453 2603 1626 2645 tibicines,

931 2662 1076 2687 enarret.
1114 2655 1179 2686 Sed
1202 2656 1301 2686 aliter
1323 2655 1422 2696 paulo
1442 2654 1547 2686 habet
1572 2655 1627 2686 Li-

928 2706 1013 2745 vius,
1028 2705 1085 2745 qui
1102 2715 1162 2746 per
1175 2706 1320 2746 Legatos
1334 2704 1458 2736 Tibure
1473 2703 1627 2736 remissos

929 2756 1076 2797 scripsit.
