1773 3121
191 218 305 260 2090

679 226 719 260 P‘.
750 229 911 260 ovmll
943 228 1157 261 NASONIS

199 323 355 364 Servat
374 326 557 375 uterque
578 320 769 373 domum,
793 325 968 365 domino
989 338 1166 378 quoque
1185 325 1296 366 fidus
1315 328 1513 380 uterque.

252 389 454 442 Compita
479 394 600 441 grata
623 390 747 432 Deo:
779 395 973 445 compita
995 398 1119 445 grata
1139 394 1252 433 cani.

1556 392 1643 434 140

192 456 433 509 Exagitant
456 463 498 497 et
518 457 615 505 Lar,
638 462 681 497 et
699 460 825 499 turba
848 460 1027 507 Diania,
1052 460 1188 500 fures:

248 523 598 577 Pervigiluntque
622 525 768 574 Lares,
794 528 1136 580 pervigilantque
1157 539 1299 567 canes.

194 589 308 630 Bina
327 592 605 642 gemellorum
630 595 877 644 quaerebam
901 595 1025 646 signa
1048 594 1252 642 Deorum,

248 656 432 697 Viribus
455 671 632 698 annosae
654 659 770 699 facta
791 661 957 700 caduca
976 674 1107 701 niorae
1125 674 1134 700 :

193 723 318 764 Mille
342 725 494 773 Lares,
517 725 794 778 Geniumque
815 727 956 775 ducis,
979 729 1053 779 qui
1077 726 1252 766 tradidit
1271 726 1388 772 illos,

1560 725 1646 766 145

249 791 368 831 Urbs
391 792 544 839 habet;
578 797 621 830 et
642 793 729 831 vici
750 793 927 831 numina
947 794 1059 832 trina
1082 794 1244 833 colunt.

193 856 294 906 Quo
315 857 458 897 feror‘?
503 856 730 907 Augustus
752 858 912 896 mensis
933 858 1039 896 mihi
1061 859 1269 898 carminis
1287 859 1421 912 hujus

248 923 333 963 Jus
354 923 485 963 dabit.

535 923 707 963 Interea
728 923 847 963 Diva
866 923 1064 963 canenda
1086 923 1315 967 Bonaest.

191 1068 383 1107 quamobrem
398 1071 474 1097 esset
491 1077 558 1097 cum
574 1066 681 1099 Lare?
729 1069 865 1108 Uterque
881 1071 985 1099 tuetur
1001 1069 1135 1106 domum,
1151 1071 1279 1107 uterque
1293 1068 1386 1098 etiam
1391 1067 1501 1109 fidelis
1513 1069 1648 1101 domino.

196 1111 302 1141 Trivia
314 1112 434 1150 placent
456 1112 533 1147 Deo,
550 1111 645 1141 trivia
656 1111 778 1150 placent
794 1112 873 1141 cuni.
920 1112 965 1141 Et
978 1111 1056 1149 Lar,
1084 1114 1113 1141 et
1128 1120 1236 1149 agmen
1252 1111 1402 1141 Dianium
1408 1110 1527 1150 sugant
1534 1110 1647 1149 fures.-

192 1155 221 1182 et
237 1153 333 1183 Lares
344 1153 548 1191 perrigilaut,
560 1156 589 1182 et
602 1163 691 1182 cams
701 1154 899 1191 pervigilant.
947 1152 1130 1187 Quoerebam
1142 1155 1201 1182 duo
1212 1152 1375 1183 simulacra
1388 1153 1524 1184 Deorum
1532 1152 1652 1192 gemel·'

192 1195 302 1232 lorum,
314 1196 433 1224 sublata
447 1195 562 1224 viribus
573 1195 656 1232 longi
672 1196 816 1234 temporis
826 1206 835 1224 :
863 1195 944 1225 Urbs
956 1195 1047 1225 habet
1058 1195 1140 1224 mille
1157 1195 1264 1230 Lares,
1280 1199 1310 1225 et
1326 1195 1462 1226 Genium
1477 1196 1647 1235 Imperato-

194 1237 237 1266 ris
251 1237 301 1276 qui
317 1238 384 1266 illos
399 1237 528 1266 tradidit
544 1247 553 1271 ‚·
576 1240 667 1276 utque
684 1237 741 1266 rici
754 1238 855 1267 colunt
870 1237 952 1267 trina
965 1237 1100 1266 numina.
1149 1237 1215 1270 Quo
1231 1235 1326 1267 abeo?
1349 1238 1470 1268 Eleusis
1484 1239 1647 1276 Augustus

193 1279 279 1309 dabit
295 1279 369 1309 mihi
384 1279 439 1316 jus
463 1279 552 1317 liujus
567 1279 722 1310 carminis.
769 1279 894 1309 Interea
916 1279 1005 1309 Bona
1022 1279 1106 1310 Dira
1121 1282 1165 1308 est
1181 1278 1367 1309 celebranda.
1414 1280 1474 1309 Est
1487 1280 1579 1310 moles
1593 1289 1648 1310 na-

805 1374 978 1384 eeeeeeeee
980 1373 1036 1384 m

192 1437 311 1476 pedem,
343 1438 520 1465 sam—138
555 1435 746 1475 Hamburg.
772 1435 870 1465 stanti
897 1444 959 1474 pro
986 1435 1208 1465 standi.—139
1241 1435 1283 1465 P.
1312 1437 1391 1465 dom.
1414 1435 1522 1476 fidelis
1547 1440 1646 1477 uterq.

193 1478 325 1508 Turum.
342 1487 429 1517 quoq.
445 1481 579 1516 gratus,-
604 1483 637 1508 et
653 1477 970 1515 Jun.factus.-140
995 1478 1050 1507 Sa.
1063 1477 1136 1507 ἀοι-ἱ
1153 1486 1214 1517 pro
1232 1478 1416 1508 Dea—141
1444 1478 1649 1516 Exag.sures

194 1524 223 1549 et
238 1520 309 1550 Lar.
327 1523 357 1550 et
371 1523 395 1550 t.
415 1520 528 1550 Diunoe
550 1520 629 1551 Juu.
645 1525 680 1550 et
697 1520 738 1550 A.
755 1521 817 1550 nisi
840 1518 927 1560 quod
946 1519 1002 1549 ille
1022 1519 1127 1558 Exug.
1143 1523 1173 1549 et
1185 1519 1260 1550 Lar.
1278 1519 1489 1557 fures—144
1513 1520 1554 1550 In
1569 1529 1652 1551 non-

195 1562 293 1592 nullis
311 1561 422 1592 Usibus
437 1572 508 1592 ann.
534 1563 616 1592 Mox
634 1563 696 1592 Be.
713 1564 778 1592 cael.
798 1564 997 1592 Deoe.-145
1023 1561 1091 1592 Pro
1109 1562 1276 1601 Geniumq.
1293 1563 1379 1592 ducis
1395 1566 1446 1592 est
1462 1563 1495 1592 in
1510 1562 1648 1603 scriptis

193 1605 373 1644 gemitumq.
384 1605 725 1645 geminnmq.genziniq.
737 1605 921 1643 gremiumq.
936 1604 1041 1639 dacin
1061 1605 1248 1643 genzinumq.
1263 1606 1376 1640 decus5
1401 1605 1452 1634 vel
1460 1604 1648 1644 geminumq.

197 1649 421 1677 ‹iucem—146
444 1647 513 1677 Pro
542 1647 627 1677 trinu
658 1647 696 1677 A.
725 1652 758 1677 et
778 1647 922 1687 quinque
947 1647 1002 1676 alii
1027 1649 1143 1682 terna;
1165 1647 1230 1676 duo
1247 1646 1434 1677 biam—147
1460 1647 1496 1678 F.
1510 1647 1571 1678 sibi
1587 1656 1649 1687 pro

196 1689 281 1720 mihi.
325 1690 408 1719 Turn
425 1689 512 1719 Laeti
537 1690 620 1720 Cod.
645 1689 684 1720 Α.
700 1694 735 1720 et
754 1690 820 1720 duo
837 1690 893 1719 alii
919 1689 1049 1719 nominis
1064 1689 1129 1726 huj.
1146 1690 1262 1719 Burm-
1279 1689 1369 1729 conj.
1384 1689 1444 1719 sibi
1459 1689 1650 1720 numinis.—

198 1734 257 1761 148
282 1732 380 1763 Cant.
399 1736 434 1762 et
450 1732 581 1763 Arund.
603 1732 684 1762 Urbs
701 1742 761 1773 pro
777 1733 847 1763 Jus.
873 1731 961 1762 Turn
976 1731 1064 1761 dabit
1080 1741 1121 1762 ex
1148 1732 1235 1762 Laeti
1255 1731 1339 1763 Cod.
1355 1730 1398 1763 A.
1413 1731 1546 1763 Arund.
1561 1731 1650 1770 Μαι.

844 1855 982 1887 NOTAE

200 1938 257 1965 ges
274 1939 349 1960 cum
367 1929 522 1961 vinceret
541 1931 663 1962 armis?

243 1981 302 2008 137
327 1979 444 2018 Pedes]
467 1980 506 2010 In
526 1980 661 2010 Larium
679 1979 878 2010 simulacris.

244 2032 305 2060 140
324 2029 443 2068 Grata]
468 2030 533 2060 Illa
548 2040 690 2071 namque
708 2030 899 2070 servabant,

200 2084 301 2118 atque
329 2080 363 2108 in
390 2079 509 2109 iisdem
534 2080 613 2119 ipsis
641 2090 738 2110 sacra
760 2090 900 2120 perage-

201 2127 346 2158 bantur:
373 2138 477 2168 quare
494 2134 528 2159 et
546 2129 754 2169 Compitales
772 2130 865 2160 dicti.

244 2179 302 2207 141
331 2177 431 2207 Turba
463 2178 598 2218 Diania]
636 2178 744 2209 Canes
778 2179 897 2208 Diauae

201 2227 367 2257 venatrici
383 2228 522 2258 addicti.

244 2278 304 2307 143
331 2276 554 2318 Gemellorum]
581 2277 739 2308 Geminos
755 2287 899 2318 namque

200 2326 375 2366 peperisse
394 2327 513 2357 Larani
529 2337 630 2368 supra
646 2328 759 2358 docuit
775 2328 878 2358 Naso.

246 2378 304 2406 145
330 2377 436 2416 Mille]
461 2377 508 2407 Ut
538 2387 598 2416 pro
626 2377 799 2407 veteribus
820 2377 900 2407 duo-

201 2425 262 2456 bus
279 2430 430 2464 tempore
448 2426 596 2463 detritis,
613 2436 686 2466 qnae
702 2427 797 2457 Naso
811 2435 901 2466 quae-

200 2476 310 2514 rebat,
322 2476 412 2505 mille
430 2476 462 2504 in
480 2476 573 2506 Urbe
590 2477 815 2507 inveniantur.
839 2476 901 2507 At-

201 2535 266 2569 que
280 2526 354 2555 liaec
372 2525 403 2554 in
420 2524 565 2565 Augusti
583 2526 729 2557 laudem.

245 2574 363 2613 Ducis]
371 2574 678 2604 Commentatorem
689 2575 902 2615 miror‚quem

202 2624 285 2656 nihil
313 2623 432 2664 puduit
460 2624 522 2654 hoc
559 2624 590 2653 in
614 2624 702 2663 loco,
727 2629 764 2655 ut
793 2633 902 2664 neque

205 2674 300 2712 alibi,
322 2674 410 2704 inter
439 2682 474 2703 se
501 2674 687 2713 pugnantia
715 2674 786 2704 sine
813 2674 904 2704 omni

200 2723 332 2766 judicio
348 2731 547 2763 congerere.
586 2723 722 2754 Cavesis
746 2724 840 2754 illum
867 2724 903 2754 in

205 2773 369 2806 Mercurii
390 2772 534 2814 gratiam
552 2782 640 2805 nuuc
657 2773 783 2808 audias.
821 2773 902 2806 Dux

955 1929 1197 1969 intelligendus
1231 1928 1417 1968 Augustus,
1451 1928 1545 1968 cujus
1584 1928 1652 1959 Ge-

955 1979 1044 2009 nium
1063 1979 1096 2009 in
1113 1978 1232 2019 quovis
1254 1977 1375 2008 larario
1399 1977 1599 2016 domestico,
1615 1978 1650 2009 in

953 2029 1069 2070 quovis
1087 2029 1248 2068 compito,
1266 2038 1342 2058 cum
1355 2027 1496 2068 geminis
1507 2027 1650 2059 Laribus

953 2079 1140 2109 coluerunt.

999 2126 1156 2165 Tradidit]
1173 2125 1261 2158 Quia
1276 2126 1317 2156 de
1332 2126 1463 2157 illorum
1480 2126 1574 2157 cultu
1587 2125 1654 2158 fuit

935 2188 942 2196 =
954 2177 1118 2214 solicitus,
1132 2185 1213 2216 quos
1238 2185 1359 2206 ornare
1385 2176 1435 2206 bis
1453 2185 1540 2207 anno
1556 2176 1651 2207 insti-

956 2227 1021 2257 tuit
1053 2226 1162 2256 vernis
1193 2224 1329 2256 floribus
1366 2229 1401 2256 ct
1429 2226 1579 2265 aestivis3
1613 2231 1652 2258 ut

954 2276 1059 2307 habet
1074 2276 1299 2316 Tranquillus.

998 2329 1058 2357 146
1095 2326 1207 2366 Trina]
1256 2325 1475 2356 Geminorum
1505 2326 1652 2367 Larium,

955 2376 1025 2409 scil.
1039 2381 1139 2416 atque
1153 2375 1310 2414 Augusti.

999 2429 1059 2456 147
1085 2426 1153 2461 Quo
1161 2425 1266 2464 feror]
1288 2424 1384 2455 Dicit
1399 2426 1501 2465 istud,
1515 2426 1592 2467 quia
1608 2427 1652 2458 ad

955 2485 1105 2506 mensem
1122 2475 1310 2514 Augustum
1325 2474 1503 2506 referenda
1517 2476 1651 2508 Larium

957 2524 1174 2564 Compitalia.

1000 2573 1119 2612 Hujus]
1144 2573 1221 2604 Quo
1234 2572 1275 2603 de
1295 2573 1436 2604 Laribus
1452 2577 1584 2612 agetur.

1001 2626 1062 2655 148
1072 2622 1273 2662 Βοηα](ὶιιίε
1289 2622 1376 2662 Ops,
1391 2623 1518 2661 Fauna,
1532 2623 1652 2665 Fatua,

957 2674 1070 2705 multis
1089 2677 1256 2714 praeterea
1280 2671 1354 2703 aliis
1380 2671 1570 2705 nominibus
1591 2683 1652 2716 ap-

958 2723 1099 2766 pellata,
1115 2721 1280 2756 Kalendis
1293 2722 1396 2757 Maiis
1413 2721 1598 2760 colebatur.
