1773 3121
285 223 400 266 2014
770 234 812 264 P.
845 232 1004 263 0v1D11
1037 231 1250 263 NAsole

287 331 383 372 Nec
404 329 483 371 tibi
502 330 559 370 sit
577 329 733 369 mirum
752 328 890 370 Graio
909 342 1000 370 rem
1018 328 1192 370 nomine
1213 327 1300 368 dici
1318 341 1328 368 ;

342 398 459 439 Itala
479 410 576 438 nam
596 397 726 438 tellus
747 396 923 438 Graecia
941 397 1078 451 major
1098 399 1202 437 erat.

284 466 477 508 Venerat
498 466 699 507 Evander
716 466 846 520 plena
865 479 963 507 cum
981 466 1120 506 classe
1143 476 1316 505 suorum
1334 477 1343 504 ε

342 533 531 575 Venerat
550 533 733 575 Alcides
750 548 759 575 ε
791 534 953 576 Graius
973 537 1152 587 uterque
1174 545 1323 586 genus.

285 601 469 655 Hospes
484 602 717 644 Aventinis
737 605 974 644 armentum
996 602 1122 655 pavit
1143 603 1186 642 in
1205 599 1354 641 herbis

341 668 570 723 Claviger:
604 675 645 712 et
665 675 785 713 tanto
807 673 872 711 est
892 669 1059 711 Albula
1079 673 1188 723 pota
1210 668 1324 709 Deo.

285 737 395 777 Dux
417 750 592 791 quoque
614 737 828 779 Neritius.
887 737 1044 778 Testes
1066 738 1375 790 Laestrygones
1397 738 1575 776 extant:

342 803 401 844 Et
420 805 538 857 quod
560 805 700 845 adhuc
723 804 874 844 Circes
893 805 1070 843 nomina
1090 804 1213 844 littus
1234 803 1378 845 habet.

287 870 341 912 Et
355 871 451 923 jam
472 871 695 922 Telegoni,
720 871 815 924 jam
836 872 1001 911 moenia
1018 870 1197 911 Tiburis
1217 872 1296 912 udi

341 937 552 979 Stabant:
583 936 804 990 Argolicae
828 938 946 991 quod
967 950 1156 991 posuere
1175 951 1343 978 manus.

1679 463 1736 505 65

1679 803 1738 843 70

282 1031 344 1062 tibi
369 1041 478 1062 norum
500 1041 563 1062 rem
589 1032 739 1072 appellari
761 1033 882 1064 nomine
912 1033 1044 1069 Graeco;
1080 1043 1152 1063 nam
1179 1036 1263 1062 terra
1289 1032 1374 1062 Itala
1401 1035 1467 1063 erat
1490 1032 1586 1071 major
1614 1032 1738 1064 Groeca.

283 1074 433 1104 Evander
450 1078 618 1104 accesserat
641 1085 707 1105 cum
731 1075 857 1115 integra
872 1077 967 1107 classe
989 1085 1134 1107 suorum:
1157 1075 1282 1106 Alcides
1304 1078 1493 1112 uccesserat;
1528 1074 1615 1106 umbo
1642 1077 1741 1115 stirpe

286 1116 411 1147 Graeca.
457 1116 579 1156 Hospes
601 1118 718 1148 chiram
732 1118 841 1156 ferens
860 1117 947 1158 pavit
972 1122 1144 1149 armentum
1170 1118 1203 1148 in
1226 1117 1372 1157 gramine
1395 1118 1561 1157 Aventino,
1583 1121 1614 1149 et
1627 1117 1741 1148 Albula

284 1158 394 1189 hausta
410 1162 455 1189 est
470 1169 489 1189 α
504 1162 590 1189 tanto
607 1160 686 1191 Deo.
732 1161 803 1192 Rex
828 1162 973 1192 Neritius
999 1162 1141 1192 accessit
1165 1162 1280 1191 etiam:
1304 1160 1515 1200 Loestrigones
1538 1163 1608 1191 sunt
1624 1163 1717 1191 testes
1729 1170 1741 1197 ,-

284 1201 415 1240 itemque
430 1201 519 1231 littus
539 1203 616 1240 quod
632 1202 749 1232 obtinet
770 1204 869 1233 adhuc
892 1204 1014 1234 nomina
1042 1204 1159 1234 Circes.
1205 1204 1307 1243 Atque
1316 1202 1385 1240 jam
1408 1203 1489 1234 muri
1506 1202 1742 1243 Telegoni‚jam

287 1243 409 1274 Tiburis
423 1243 552 1283 humidi,
567 1245 646 1283 quod
671 1254 777 1275 manus
794 1245 950 1285 Argolicae
965 1247 1178 1285 condiderunt,
1192 1245 1327 1276 stabant.
1375 1245 1510 1277 Halesus
1531 1247 1662 1277 Atrides
1683 1245 1741 1276 im-

897 1330 1130 1342 eemaem

287 1395 400 1425 Graeco
418 1402 479 1433 pro
498 1394 606 1424 Graio.
651 1394 742 1424 Dein
770 1395 810 1425 P.
835 1399 870 1424 et
896 1395 977 1426 Jun.
1004 1405 1093 1424 serm.
1121 1396 1355 1425 vocatum—63
1382 1394 1459 1424 Duo
1481 1394 1602 1434 scripti
1632 1395 1742 1435 Graio,

284 1436 374 1477 quod
394 1435 514 1465 Heius.
531 1436 666 1474 placet3
689 1440 725 1465 at
740 1437 832 1475 vulg.
853 1437 983 1473 Groeco:
1008 1436 1300 1473 Maz.grato.——64
1324 1435 1400 1465 Duo
1413 1435 1567 1473 libriJ'um
1579 1446 1641 1476 pro
1656 1447 1741 1469 nam.

283 1481 368 1508 —66
392 1478 488 1508 Unus
515 1477 600 1507 liber
630 1477 761 1508 Groecus
783 1488 843 1518 pro
862 1478 997 1508 Graius:
1023 1483 1058 1508 et
1084 1477 1257 1508 sexdecim
1283 1479 1381 1515 uterq.
1397 1476 1565 1514 fuit.—67
1592 1478 1636 1509 R.
1661 1489 1740 1511 urm.

280 1520 369 1560 pom't
384 1520 417 1550 in
428 1530 438 1550 .·
463 1524 498 1550 et
515 1524 585 1549 tuni
603 1520 739 1561 quidam
758 1521 867 1552 Codd.
881 1521 1066 1551 art-is.—69
1083 1519 1152 1550 Alii
1168 1519 1323 1550 scribunt
1340 1519 1500 1559 Naritius,
1513 1520 1567 1550 vel
1583 1521 1741 1552 Naricius.

283 1564 368 1594 —70
391 1563 472 1593 Duo
497 1562 617 1603 scripti
645 1564 755 1595 Circoe.
799 1564 885 1594 Tum
907 1564 949 1594 P.
973 1563 1081 1594 littora
1098 1572 1205 1594 nomen
1219 1562 1377 1593 hab.—72
1403 1561 1491 1597 Quod
1508 1562 1603 1594 dedit
1621 1563 1742 1595 Heius.

943 1654 1084 1687 NOTAE

1082 1721 1122 1749 65
1158 1718 1321 1758 Evander]
1354 1719 1411 1750 De
1441 1728 1507 1761 quo
1537 1720 1613 1761 plus
1640 1731 1742 1762 quam

1039 1769 1121 1800 satis
1137 1778 1240 1809 supra
1255 1769 1394 1801 dictum.

280 1718 461 1757 rationem,
474 1722 511 1749 ut
524 1718 668 1759 primum
684 1719 820 1761 quidem
835 1728 985 1750 mensem

283 1778 303 1799 a
320 1773 417 1809 patre
432 1778 492 1800 suo
507 1770 635 1807 Marte,
662 1770 844 1801 secundum
868 1770 911 1801 ab
928 1769 983 1800 AE-

282 1827 356 1849 neae
387 1823 496 1850 matre
524 1819 672 1859 Venere,
699 1820 908 1852 nominaret:
948 1824 984 1851 et

282 1868 331 1899 his
349 1869 560 1909 potissimum
577 1870 656 1900 anni
682 1870 850 1911 principia
872 1880 984 1902 serva-

284 1924 374 1959 rent,
390 1929 409 1949 a
426 1919 545 1960 quibus
561 1925 651 1950 esset
675 1920 819 1952 Romani
841 1921 984 1952 nominis

284 1969 401 2010 origo?
454 1970 614 2000 Fabulae:
654 1971 714 2001 sed
745 1981 820 2012 quae
850 1972 984 2011 placue-

284 2025 373 2051 runt.
418 2018 486 2050 Alii
514 2020 556 2050 ab
582 2020 766 2060 aperiendo
783 2021 911 2061 Aprilis
927 2031 985 2052 no-

283 2079 360 2100 men
376 2069 561 2109 deducunt,
577 2071 667 2110 qnod
691 2080 730 2102 eo
747 2071 861 2102 omnia
875 2072 985 2112 aperi—

283 2124 394 2151 antur.
437 2121 565 2151 Verum
595 2121 637 2152 ab
664 2121 772 2161 Apro,
796 2122 984 2153 imitatione

284 2170 496 2211 Graecorum,
527 2171 647 2211 quibus
682 2172 876 2203 December
907 2174 984 2213 [Fe-

283 2220 454 2262 bruarius]
479 2221 697 2261 ἐλαφηβολιὼν
724 2232 743 2252 a
769 2223 880 2253 cervis
903 2223 984 2253 dici-

282 2275 352 2308 tur,
382 2269 564 2302 deductum
603 2281 724 2302 nomen
762 2272 912 2310 erudite,
946 2277 983 2303 ut

283 2326 518 2360 consueverat,
554 2322 702 2353 ostendit
741 2333 888 2354 summus
926 2324 982 2354 ille

283 2371 486 2403 Criticorum
501 2372 671 2412 Josephus
690 2374 853 2414 Scaliger.

324 2424 365 2451 63
393 2422 486 2462 Rem]
509 2423 674 2462 Mensem,
688 2424 760 2454 scil.
777 2424 940 2464 Aprilem.

324 2472 365 2500 64
389 2470 488 2509 Itala]
513 2472 587 2502 'Non
605 2477 678 2504 tota
695 2473 841 2514 quidem,
859 2474 930 2514 sed,
946 2478 983 2505 nt

281 2521 411 2562 placuit
437 2524 618 2561 nonnullis,
639 2524 748 2555 Italia*
774 2525 861 2556 latus
890 2525 979 2566 quod

281 2571 392 2603 infero
416 2573 501 2603 mari
528 2574 687 2611 alluitur3
711 2584 769 2605 seu
796 2576 923 2615 potius,
938 2586 980 2606 ex

283 2622 424 2652 aliorum
454 2622 635 2662 sementia,
665 2633 743 2663 pars
771 2624 828 2655 illa
858 2635 933 2665 quae
963 2635 984 2655 a

282 2671 436 2703 Tarento
451 2682 555 2713 usque
577 2673 619 2704 ad
645 2673 769 2705 Cumas
785 2675 983 2715 porrigitur,

283 2722 364 2763 quia
392 2721 441 2753 ibi
471 2723 649 2764 plerasque
679 2734 795 2756 omnes
823 2725 984 2757 civitates

282 2773 398 2806 Graeci
413 2774 649 2806 condiderant.

1082 1823 1123 1851 66
1146 1819 1289 1860 Alcides]
1312 1820 1501 1852 Hercules:
1526 1829 1625 1862 quem
1639 1820 1742 1852 etiam

1038 1880 1103 1902 non
1121 1871 1246 1901 semel
1238 1880 1271 1902 iu
1288 1871 1560 1911 praecedentibus
1583 1871 1739 1904 vidimus.

1081 1924 1122 1952 68
1149 1920 1312 1960 Claviger]
1346 1921 1506 1952 Herculis
1531 1922 1662 1952 clavam
1683 1921 1741 1952 ha-

1038 1971 1170 2002 buimus
1187 1980 1319 2012 quoque
1334 1970 1468 2010 saepius.

1081 2021 1209 2060 Albula]
1230 2021 1279 2052 Eo
1298 2018 1443 2060 'antiquo
1467 2020 1615 2060 nomine,
1638 2021 1680 2052 ab
1706 2031 1739 2052 a·

1039 2081 1126 2111 quae,
1145 2080 1205 2102 seu
1223 2071 1337 2110 potius
1359 2079 1472 2101 arenae
1491 2070 1606 2101 colore
1625 2070 1738 2102 dictus

1038 2121 1172 2160 Tybris.

1081 2173 1122 2200 69
1147 2169 1306 2210 Neritius]
1329 2169 1360 2201 A
1379 2170 1500 2202 Nerito
1525 2170 1557 2201 in
1586 2171 1739 2203 Leucate

1038 2219 1158 2259 insula,
1170 2230 1244 2260 quae
1259 2220 1390 2251 Laertis
1405 2221 1509 2261 patris
1521 2220 1654 2261 Ulyssis
1663 2220 1742 2262 fuit,

1037 2269 1089 2299 hic
1104 2269 1216 2300 dictus
1234 2270 1399 2302 Neritius.

1078 2319 1311 2360 Loestrygones]
1335 2321 1407 2352 Hos
1426 2320 1740 2362 Anthropophagos

1037 2369 1152 2410 Ulyssi
1167 2372 1344 2402 nonnullos
1361 2381 1402 2402 ex
1419 2371 1520 2403 sociis
1537 2371 1740 2413 surripuisse

1037 2420 1164 2452 ‹ilctum
1181 2422 1213 2451 in
1231 2422 1516 2461 praecedentibus.

1079 2474 1120 2502 70
1161 2471 1279 2511 Circes]
1317 2471 1472 2503 Circeum
1504 2471 1630 2513 quippe
1664 2481 1742 2512 pro-

1035 2522 1253 2557 montorium,
1262 2521 1361 2551 hodie.
1374 2522 1482 2552 Monte
1494 2522 1637 2561 circem),
1649 2522 1739 2554 haud

1036 2571 1155 2611 procul
1174 2570 1215 2600 ab
1235 2570 1328 2600 Urbe
1353 2579 1468 2600 versus
1490 2570 1670 2603 Orientem
1697 2572 1741 2604 si-

1037 2628 1108 2654 tum
1125 2625 1190 2652 est.

1079 2675 1118 2702 71
1147 2670 1308 2710 Telegoni]
1330 2671 1396 2703 Qui
1422 2673 1554 2713 Ulyssis
1579 2682 1621 2703 ex
1642 2673 1740 2709 Circe

1037 2723 1125 2755 filius
1140 2723 1319 2754 Tusculum
1337 2724 1449 2764 posuit
1463 2734 1471 2754 :
1494 2725 1590 2766 cujus
1603 2724 1739 2766 quidem

1032 2775 1133 2810 hodie
1170 2774 1226 2805 vix
1263 2774 1390 2806 rudera
1425 2775 1599 2817 quaedam·
1619 2777 1740 2808 extant
