1773 3121
229 221 344 266 1970

231 325 335 369 Sive
353 332 421 369 est
438 327 759 382 Arctophylax,
781 327 874 367 sive
895 330 961 367 est
979 327 1100 379 piger
1118 326 1192 367 ille
1220 326 1399 378 Bootes,

288 395 521 447 Mergetur,
542 396 664 435 visus
685 395 942 447 effugietque
965 399 1082 434 tuos.

231 460 294 503 At
313 475 400 502 non
423 462 596 514 effugiet
618 461 900 502 Vindemitor.
961 461 1064 501 Hoc
1089 473 1259 514 quoque
1282 472 1460 501 causam

289 527 417 569 Unde
438 530 574 569 trahat
594 529 719 569 sidus
738 541 874 582 parva
894 527 1047 568 referre
1068 541 1189 567 mora
1210 532 1289 567 est.

231 594 450 649 Ampelon
472 597 702 645 intonsum,
725 595 892 649 Satyris
917 595 1210 648 Nymphaque
1233 597 1437 643 creatum,

287 663 438 704 Fertur
459 665 499 703 in
523 664 718 703 Ismariis
741 663 945 703 Bacchus
969 675 1142 702 amasse
1155 662 1292 715 jugis,

229 729 449 783 [Tradidit
468 731 566 771 huie
588 732 717 771 vitem
742 729 998 782 pendentem
1019 729 1243 769 frondibus
1263 728 1366 769 ulmi
1384 741 1398 780 3

288 795 401 846 Quae
424 810 536 837 nunc
557 797 609 836 de
628 797 748 849 pueri
768 798 936 835 nomine
954 809 1106 835 nomen
1128 795 1297 846 habet]

230 861 349 902 Dum
368 864 474 915 legit
491 863 534 901 in
553 875 674 902 ramo
696 849 841 913 pictas
862 862 1108 900 temerarius
1128 874 1255 910 uvas,

288 929 490 970 Decidit:
520 929 729 968 amissum
751 927 879 967 Liber
898 928 939 967 in
963 932 1080 967 astra
1102 927 1233 967 vehit.

232 994 432 1036 SEXTUS
454 996 531 1035 ubi
558 994 736 1034 Oceano
760 995 971 1034 clivosum
992 993 1167 1033 scandit
1188 992 1424 1046 Olympum

287 1062 498 1113 Phoebus,
519 1067 564 1102 et
583 1062 714 1102 alatis
735 1061 898 1103 aethera
917 1061 1059 1114 carpit
1077 1060 1226 1113 equis;

717 234 758 264 P.
789 231 945 263 OVIDH
978 231 1193 264 NASONIS

1586 326 1675 368 405

1591 661 1677 704 410

1593 996 1680 1037 415

230 1184 320 1221 atque
336 1180 485 1212 excitabit
501 1183 637 1219 tempora
652 1180 766 1219 quintse
778 1179 852 1216 diei,
873 1179 938 1209 sire
953 1181 998 1209 est
1014 1178 1242 1218 Arctophylax,
1266 1178 1329 1209 sive
1345 1179 1397 1209 ille
1411 1182 1457 1210 est
1473 1180 1597 1219 Bootes,
1611 1190 1681 1212 con-

229 1226 332 1262 detur,
358 1227 447 1263 nique
471 1223 654 1252 subduc-etur
678 1222 773 1252 oculis
794 1221 867 1251 tuis.
911 1223 955 1251 Ac
977 1230 1035 1250 non
1061 1222 1243 1251 subducenti·
1263 1221 1467 1253 Vindemitor.
1515 1223 1616 1254 Breve
1632 1226 1680 1255 est

229 1266 322 1296 ellam
338 1268 455 1304 tempus
480 1273 604 1294 narrare
628 1264 706 1294 unde
732 1264 785 1294 hoc
807 1264 930 1301 signum
953 1265 1053 1292 ortum
1077 1263 1130 1291 sit.
1180 1263 1317 1293 Bmvhus
1337 1264 1456 1294 dicitur
1479 1265 1624 1296 dilexisse
1646 1266 1681 1296 in

231 1307 384 1338 montibus
400 1307 540 1337 Ismariis
552 1307 702 1346 Ampelon
717 1305 870 1336 intonsum
885 1309 986 1334 ortum.
1001 1305 1114 1344 Satyro
1136 1307 1166 1333 et
1183 1305 1339 1344 Nympha.
1384 1305 1484 1336 Dedit
1500 1307 1571 1336 huic
1585 1308 1681 1338 vitem

229 1350 388 1388 alligatam
401 1350 496 1379 ramis
510 1349 597 1387 ulmi,
623 1358 689 1387 quoe
712 1348 787 1378 vitis
808 1357 887 1377 nunc
908 1347 999 1377 habet
1013 1356 1119 1376 nomen
1135 1347 1172 1376 de
1189 1347 1306 1376 nomine
1320 1348 1419 1386 pueri.
1465 1349 1549 1379 Dum
1564 1349 1681 1389 impru-

230 1394 304 1423 dens
318 1393 435 1429 colligit
449 1401 522 1421 uuus
533 1390 724 1420 versicolores
738 1390 769 1419 in
782 1399 878 1427 ramo,
889 1389 1022 1423 decidit5
1045 1388 1138 1418 Liber·
1150 1390 1310 1418 transtulit
1323 1390 1496 1420 extinctum
1511 1391 1550 1421 ad
1564 1391 1681 1422 sidera.

319 1435 395 1464 Cum
408 1436 514 1463 sextus
530 1432 661 1462 Phaebus
673 1432 754 1471 petit
768 1432 873 1461 coelum
896 1431 1024 1460 arduum
1040 1430 1076 1459 ab
1095 1431 1229 1469 Oceano,
1253 1434 1283 1461 et
1297 1431 1417 1461 scandit
1433 1433 1578 1463 oetlaerem
1594 1434 1683 1474 equis

836 1510 1070 1523 eeeeeeeeeeee

232 1569 374 1610 quinque
392 1569 492 1600 etiam
509 1569 586 1600 lucis
598 1570 805 1600 erana-408
827 1566 989 1599 Nonnulli
1016 1567 1074 1597 sid.
1095 1567 1195 1598 dicere
1209 1577 1307 1607 parva
1331 1577 1406 1598 mor.
1432 1568 1520 1599 Maz.
1549 1569 1680 1601 Zulich.

232 1613 327 1643 Voss.
340 1617 375 1642 et
388 1622 447 1642 sex
464 1612 517 1642 alii
533 1622 620 1652 paro.
636 1611 752 1649 referre
765 1612 952 1641 mor.-409
975 1609 1101 1649 Satyris
1117 1611 1239 1640 liabent
1255 1610 1384 1641 Arund.
1403 1611 1457 1641 Fr.
1475 1616 1511 1642 et
1533 1612 1681 1652 optimus

232 1655 386 1695 quisque,
402 1660 491 1685 teste
507 1655 623 1685 Burin.
641 1654 730 1693 vulg.
745 1653 975 1694 δάμνα-411
1001 1652 1103 1683 Multi
1119 1662 1195 1683 cum
1218 1653 1273 1683 Fr.
1297 1654 1387 1692 perid.
1404 1663 1431 1689 e,
1451 1655 1500 1683 vel
1517 1664 1556 1684 ex
1571 1653 1681 1691 frond.

232 1698 311 1728 Jnn.
327 1696 621 1734 efflantibus-414
648 1697 739 1727 Vehit
755 1701 859 1726 estex
875 1695 972 1725 Voss.
997 1693 1128 1725 Arund.
1156 1694 1286 1726 Zulicli.
1304 1696 1390 1726 Maz.
1415 1701 1450 1727 et
1467 1706 1514 1736 pr.
1533 1697 1570 1728 F.
1586 1697 1681 1737 vulg.

231 1739 420 1770 ruzin-415
465 1741 584 1770 Oceano
618 1739 735 1770 Heius,
761 1737 892 1779 profert
918 1747 959 1768 ex
991 1737 1104 1768 Ursin.
1131 1737 1229 1768 Voss.
1261 1737 1393 1770 Arund.
1423 1738 1553 1769 Zulich.
1589 1739 1680 1770 Maz.

234 1783 385 1822 Nauger.
412 1786 447 1812 et
471 1782 577 1813 tribus
602 1781 674 1812 aliis
700 1790 758 1819 pro
786 1781 875 1820 vulg.
901 1789 917 1810 e
943 1782 1038 1810 terra.
1083 1780 1164 1811 Mox
1190 1780 1344 1811 meliores
1366 1781 1486 1811 scandit
1509 1790 1575 1811 non
1595 1790 1682 1812 scan-

229 1825 399 1855 ‹len—416
424 1825 482 1856 Pr.
500 1823 544 1856 A.
568 1825 657 1856 Maz.
686 1823 818 1855 Zulich.
844 1828 879 1854 et
904 1827 971 1853 tres
989 1822 1047 1853 alii
1071 1826 1100 1853 et
1124 1823 1213 1853 elatis
1228 1823 1300 1853 ceth.
1337 1823 1427 1854 Dein
1438 1824 1538 1864 carpit
1554 1832 1597 1854 ex
1611 1832 1682 1855 me-

892 1907 924 1938 N
931 1906 1032 1938 OTAE

273 1974 334 2002 405
357 1971 584 2012 Arctophylax]
607 1972 728 2003 Custos
745 1973 854 2011 Ursae,
870 1971 927 2012 qui

231 2026 268 2052 et
285 2021 408 2052 Bootes
423 2021 566 2052 dicitur.

273 2069 388 2108 Piger]
412 2070 501 2102 Quia
516 2070 612 2109 hujus
628 2080 768 2101 occasus
784 2074 926 2111 quatuor

231 2118 371 2149 Zodiaci
399 2119 571 2159 signorum
608 2124 743 2160 tempus
770 2120 928 2159 absumit,

230 2173 268 2200 nt
283 2169 384 2200 docet
401 2169 529 2210 Hygin.

274 2219 402 2259 Bootes]
434 2219 562 2250 Rector
590 2219 705 2257 bourn,
731 2220 788 2261 qni
818 2220 929 2260 plaus-

231 2274 321 2300 trum
338 2278 460 2309 regere
474 2269 620 2301 videtur.
665 2270 820 2310 Utroque
839 2270 927 2300 enim

226 2319 362 2350 nomine
377 2319 467 2350 idem
488 2319 577 2350 sidus
606 2324 642 2351 et
659 2320 748 2351 Ursa
761 2324 795 2351 et
811 2321 927 2351 Plaus-

229 2374 317 2402 trum
334 2369 470 2400 dicitur.

272 2421 336 2450 406
359 2418 537 2458 Illergetur]
576 2419 733 2459 Occidet,
761 2425 864 2460 atque
894 2420 927 2451 id

231 2467 366 2510 quidem
380 2469 536 2505 cosmice,
548 2468 778 2500 descendente
794 2479 833 2500 eo
844 2469 930 2500 infra

226 2518 434 2550 horizontem
446 2518 688 2549 occidentalem
701 2529 765 2559 quo
779 2525 931 2559 tempore

229 2567 286 2599 Sol
299 2567 451 2598 ascendit
468 2576 569 2607 supra
587 2568 799 2598 orientalem.

263 2619 326 2648 407
345 2616 550 2656 Vindemitor]
565 2618 670 2648 Stella
679 2623 730 2648 est
740 2628 816 2658 quae
829 2619 837 2634 ‘
848 2619 929 2658 Try·

232 2666 347 2707 geter'
362 2667 417 2698 vel
430 2668 438 2683 ‘
451 2667 694 2707 Protrygeter¹
721 2668 853 2699 Gra=cis
876 2668 925 2698 di-

231 2718 335 2757 citur,
369 2717 401 2748 in
425 2717 547 2749 dextra
576 2718 726 2758 Virginis
757 2719 822 2757 ala,
851 2729 924 2759 quae

232 2772 351 2800 nostro
365 2776 533 2809 acrouyce
549 2769 582 2800 3.
596 2768 686 2800 Non.
702 2767 847 2800 Martias
862 2767 926 2800 ori-

981 1974 1036 2001 tur
1050 1981 1060 2009 ;
1084 1971 1280 2002 Columellae
1292 1975 1410 2009 sexto;
1431 1971 1541 2002 Plinio
1557 1974 1681 2003 octavo

980 2020 1072 2052 Idus.
1119 2020 1335 2052 Vindemitor
1349 2020 1425 2050 ideo
1438 2020 1574 2060 dicitur,
1589 2021 1679 2061 quod

981 2079 1078 2100 mane
1096 2079 1153 2100 seu
1170 2070 1315 2101 cosmice
1346 2070 1504 2100 exoriens
1532 2070 1682 2110 septimo

982 2119 1034 2149 vel
1051 2119 1230 2150 undecimo
1243 2120 1563 2160 Kal.Septembrcs,
1579 2124 1618 2151 ut
1633 2120 1681 2151 di-

984 2168 1088 2199 versis
1119 2169 1232 2208 placet
1262 2170 1470 2209 auctoribus,
1499 2169 1678 2202 vindemiae

982 2219 1213 2251 maturitatem
1230 2220 1419 2260 promittat.

1023 2272 1085 2300 410
1110 2269 1265 2309 Ismariis]
1289 2269 1678 2302 IsmariTln·aciae'mon-

981 2321 1034 2352 tis.

1009 2374 1070 2401 411
1085 2370 1241 2411 Tradidit]
1253 2370 1436 2402 Distichon
1447 2369 1676 2403 adulterinum

981 2431 1055 2451 esse
1071 2421 1133 2452 hoc
1160 2430 1227 2452 non
1251 2421 1323 2451 sine
1350 2430 1453 2452 cansa
1468 2419 1616 2451 credidit
1629 2421 1675 2453 cl.

982 2470 1100 2502 Heius.

1031 2519 1130 2558 Ulmi]
1154 2519 1260 2550 Ulmis
1269 2519 1461 2559 junguntur
1472 2517 1560 2550 vites
1572 2528 1592 2550 a
1603 2519 1678 2561 qui-

983 2569 1044 2600 bus
1061 2568 1301 2599 sustineamur.

1023 2621 1086 2649 412
1112 2618 1244 2658 Nomen]
1260 2617 1418 2656 ’Άμπελος
1435 2618 1525 2650 enim
1551 2618 1676 2652 Graece

980 2668 1116 2699 dicitur.

1022 2721 1085 2749 413
1111 2718 1228 2760 Romo]
1249 2718 1354 2760 Ulmi,
1368 2718 1440 2752 scil.
1462 2718 1505 2751 In
1520 2718 1609 2751 ulmo
1624 2727 1676 2750 ra·

978 2776 1082 2800 mosa.
