<?xml version="1.0" encoding="UTF-8"?>
<!DOCTYPE html PUBLIC "-//W3C//DTD XHTML 1.0 Transitional//EN"
    "http://www.w3.org/TR/xhtml1/DTD/xhtml1-transitional.dtd">
<html xmlns="http://www.w3.org/1999/xhtml" xml:lang="en" lang="en">
 <head>
  <title>
</title>
<meta http-equiv="Content-Type" content="text/html;charset=utf-8" />
  <meta name='ocr-system' content='tesseract 3.04.00' />
  <meta name='ocr-capabilities' content='ocr_page ocr_carea ocr_par ocr_line ocrx_word'/>
</head>
<body>
  <div class='ocr_page' id='page_1' title='image "./operaomniaexedit04oviduoft_0420.png"; bbox 0 0 1773 3121; ppageno 0'>
   <div class='ocr_carea' id='block_1_1' title="bbox 223 233 337 276">
    <p class='ocr_par' dir='ltr' id='par_1_1' title="bbox 223 233 337 276">
     <span class='ocr_line' id='line_1_1' title="bbox 223 233 337 276; baseline 0.009 -1"><span class='ocrx_word' id='word_1_1' title='bbox 223 233 337 276; x_wconf 70' lang='lat'>2038</span> 
     </span>
    </p>
   </div>
   <div class='ocr_carea' id='block_1_2' title="bbox 710 243 1189 276">
    <p class='ocr_par' dir='ltr' id='par_1_2' title="bbox 710 243 1189 276">
     <span class='ocr_line' id='line_1_2' title="bbox 710 243 1189 276; baseline -0.002 -1"><span class='ocrx_word' id='word_1_2' title='bbox 710 245 750 276; x_wconf 84' lang='lat' dir='ltr'><strong>P.</strong></span> <span class='ocrx_word' id='word_1_3' title='bbox 783 244 943 275; x_wconf 81' lang='lat' dir='ltr'>OVIDII</span> <span class='ocrx_word' id='word_1_4' title='bbox 977 243 1189 274; x_wconf 85' lang='lat' dir='ltr'>NASONIS</span> 
     </span>
    </p>
   </div>
   <div class='ocr_carea' id='block_1_3' title="bbox 225 337 1445 392">
    <p class='ocr_par' dir='ltr' id='par_1_3' title="bbox 225 337 1445 392">
     <span class='ocr_line' id='line_1_3' title="bbox 225 337 1445 392; baseline -0.005 -9"><span class='ocrx_word' id='word_1_5' title='bbox 225 341 334 382; x_wconf 86' lang='lat' dir='ltr'><strong>Dux</strong></span> <span class='ocrx_word' id='word_1_6' title='bbox 353 341 458 382; x_wconf 92' lang='lat' dir='ltr'><strong>mihi</strong></span> <span class='ocrx_word' id='word_1_7' title='bbox 480 340 633 382; x_wconf 83' lang='lat' dir='ltr'><strong>Caesar</strong></span> <span class='ocrx_word' id='word_1_8' title='bbox 648 342 759 390; x_wconf 78' lang='lat' dir='ltr'><strong>erat,</strong></span> <span class='ocrx_word' id='word_1_9' title='bbox 779 339 860 380; x_wconf 86' lang='lat' dir='ltr'><strong>sub</strong></span> <span class='ocrx_word' id='word_1_10' title='bbox 883 352 971 392; x_wconf 89' lang='lat' dir='ltr'><strong>quo</strong></span> <span class='ocrx_word' id='word_1_11' title='bbox 989 338 1203 379; x_wconf 86' lang='lat' dir='ltr'><strong>meruisse</strong></span> <span class='ocrx_word' id='word_1_12' title='bbox 1225 337 1445 379; x_wconf 82' lang='lat' dir='ltr'>Tribunus</span> 
     </span>
    </p>
   </div>
   <div class='ocr_carea' id='block_1_4' title="bbox 280 408 473 450">
    <p class='ocr_par' dir='ltr' id='par_1_4' title="bbox 280 408 473 450">
     <span class='ocr_line' id='line_1_4' title="bbox 280 408 473 450; baseline -0.021 0"><span class='ocrx_word' id='word_1_13' title='bbox 280 408 473 450; x_wconf 79' lang='lat' dir='ltr'>Glorior.</span> 
     </span>
    </p>
   </div>
   <div class='ocr_carea' id='block_1_5' title="bbox 522 405 1100 460">
    <p class='ocr_par' dir='ltr' id='par_1_5' title="bbox 522 405 1100 460">
     <span class='ocr_line' id='line_1_5' title="bbox 522 405 1100 460; baseline -0.002 -14"><span class='ocrx_word' id='word_1_14' title='bbox 522 407 679 448; x_wconf 82' lang='lat' dir='ltr'><strong>Officio</strong></span> <span class='ocrx_word' id='word_1_15' title='bbox 700 405 875 460; x_wconf 85' lang='lat' dir='ltr'><strong>praefuit</strong></span> <span class='ocrx_word' id='word_1_16' title='bbox 895 406 968 446; x_wconf 86' lang='lat' dir='ltr'><strong>ille</strong></span> <span class='ocrx_word' id='word_1_17' title='bbox 989 419 1100 446; x_wconf 91' lang='lat' dir='ltr'><strong>meo.</strong></span> 
     </span>
    </p>
   </div>
   <div class='ocr_carea' id='block_1_6' title="bbox 224 472 1221 595">
    <p class='ocr_par' dir='ltr' id='par_1_6' title="bbox 224 472 1221 595">
     <span class='ocr_line' id='line_1_6' title="bbox 224 472 1221 527; baseline -0.003 -12"><span class='ocrx_word' id='word_1_18' title='bbox 224 473 359 515; x_wconf 83' lang='lat' dir='ltr'><strong>Hanc</strong></span> <span class='ocrx_word' id='word_1_19' title='bbox 377 488 458 527; x_wconf 81' lang='lat' dir='ltr'><strong>ego</strong></span> <span class='ocrx_word' id='word_1_20' title='bbox 480 475 636 515; x_wconf 84' lang='lat' dir='ltr'><strong>militia</strong></span> <span class='ocrx_word' id='word_1_21' title='bbox 657 472 822 522; x_wconf 84' lang='lat' dir='ltr'><strong>sedem,</strong></span> <span class='ocrx_word' id='word_1_22' title='bbox 843 478 889 514; x_wconf 90' lang='lat' dir='ltr'><strong>tu</strong></span> <span class='ocrx_word' id='word_1_23' title='bbox 909 486 1021 526; x_wconf 81' lang='lat' dir='ltr'><strong>pace</strong></span> <span class='ocrx_word' id='word_1_24' title='bbox 1040 473 1221 526; x_wconf 82' lang='lat' dir='ltr'><strong>parasti,</strong></span> 
     </span>
     <span class='ocr_line' id='line_1_7' title="bbox 282 540 1152 595; baseline -0.005 -12"><span class='ocrx_word' id='word_1_25' title='bbox 282 543 402 583; x_wconf 81' lang='lat' dir='ltr'><strong>Inter</strong></span> <span class='ocrx_word' id='word_1_26' title='bbox 422 543 490 582; x_wconf 82' lang='lat' dir='ltr'><strong>bis</strong></span> <span class='ocrx_word' id='word_1_27' title='bbox 513 544 668 595; x_wconf 87' lang='lat' dir='ltr'><strong>quinos</strong></span> <span class='ocrx_word' id='word_1_28' title='bbox 690 554 796 581; x_wconf 87' lang='lat' dir='ltr'><strong>usus</strong></span> <span class='ocrx_word' id='word_1_29' title='bbox 821 541 981 581; x_wconf 81' lang='lat' dir='ltr'>honore</span> <span class='ocrx_word' id='word_1_30' title='bbox 1003 540 1152 582; x_wconf 84' lang='lat' dir='ltr'><strong>Viros.</strong></span> 
     </span>
    </p>
   </div>
   <div class='ocr_carea' id='block_1_7' title="bbox 223 608 1176 650">
    <p class='ocr_par' dir='ltr' id='par_1_7' title="bbox 223 608 1176 650">
     <span class='ocr_line' id='line_1_8' title="bbox 223 608 1176 650; baseline -0.001 0"><span class='ocrx_word' id='word_1_31' title='bbox 223 609 357 650; x_wconf 84' lang='lat' dir='ltr'><strong>Plura</strong></span> <span class='ocrx_word' id='word_1_32' title='bbox 376 610 564 650; x_wconf 87' lang='lat' dir='ltr'><strong>locuturi</strong></span> <span class='ocrx_word' id='word_1_33' title='bbox 588 609 732 649; x_wconf 82' lang='lat' dir='ltr'><strong>subito</strong></span> <span class='ocrx_word' id='word_1_34' title='bbox 755 608 1006 648; x_wconf 85' lang='lat' dir='ltr'>seducimur</span> <span class='ocrx_word' id='word_1_35' title='bbox 1026 609 1176 649; x_wconf 86' lang='lat' dir='ltr'><strong>imbre.</strong></span> 
     </span>
    </p>
   </div>
   <div class='ocr_carea' id='block_1_8' title="bbox 1600 603 1685 646">
    <p class='ocr_par' dir='ltr' id='par_1_8' title="bbox 1600 603 1685 646">
     <span class='ocr_line' id='line_1_9' title="bbox 1600 603 1685 646; baseline -0.012 0"><span class='ocrx_word' id='word_1_36' title='bbox 1600 603 1685 646; x_wconf 81' lang='lat'><strong>385</strong></span> 
     </span>
    </p>
   </div>
   <div class='ocr_carea' id='block_1_9' title="bbox 223 675 1439 926">
    <p class='ocr_par' dir='ltr' id='par_1_9' title="bbox 281 675 1272 729">
     <span class='ocr_line' id='line_1_10' title="bbox 281 675 1272 729; baseline -0.001 -12"><span class='ocrx_word' id='word_1_37' title='bbox 281 677 481 717; x_wconf 81' lang='lat' dir='ltr'>Pendula</span> <span class='ocrx_word' id='word_1_38' title='bbox 503 676 712 717; x_wconf 84' lang='lat' dir='ltr'><strong>coelestes</strong></span> <span class='ocrx_word' id='word_1_39' title='bbox 735 675 871 715; x_wconf 84' lang='lat' dir='ltr'><strong>Libra</strong></span> <span class='ocrx_word' id='word_1_40' title='bbox 889 675 1097 715; x_wconf 79' lang='lat' dir='ltr'><strong>movebat</strong></span> <span class='ocrx_word' id='word_1_41' title='bbox 1117 687 1272 729; x_wconf 78' lang='lat' dir='ltr'><strong>aquas,</strong></span> 
     </span>
    </p>

    <p class='ocr_par' dir='ltr' id='par_1_10' title="bbox 224 742 1423 861">
     <span class='ocr_line' id='line_1_11' title="bbox 224 742 1423 796; baseline -0.001 -13"><span class='ocrx_word' id='word_1_42' title='bbox 224 742 339 785; x_wconf 83' lang='lat' dir='ltr'><strong>Ante</strong></span> <span class='ocrx_word' id='word_1_43' title='bbox 359 747 516 793; x_wconf 83' lang='lat' dir='ltr'><strong>tamen,</strong></span> <span class='ocrx_word' id='word_1_44' title='bbox 545 756 676 796; x_wconf 84' lang='lat' dir='ltr'><strong>quam</strong></span> <span class='ocrx_word' id='word_1_45' title='bbox 698 756 871 782; x_wconf 83' lang='lat' dir='ltr'><strong>summa</strong></span> <span class='ocrx_word' id='word_1_46' title='bbox 891 743 988 782; x_wconf 79' lang='lat' dir='ltr'><strong>dies</strong></span> <span class='ocrx_word' id='word_1_47' title='bbox 1009 743 1264 794; x_wconf 79' lang='lat' dir='ltr'><strong>spectacula</strong></span> <span class='ocrx_word' id='word_1_48' title='bbox 1283 742 1423 791; x_wconf 77' lang='lat' dir='ltr'><strong>sistat,</strong></span> 
     </span>
     <span class='ocr_line' id='line_1_12' title="bbox 282 809 1115 861; baseline -0.004 -10"><span class='ocrx_word' id='word_1_49' title='bbox 282 811 453 851; x_wconf 85' lang='lat' dir='ltr'><strong>Ensifer</strong></span> <span class='ocrx_word' id='word_1_50' title='bbox 475 811 611 850; x_wconf 89' lang='lat' dir='ltr'><strong>Orion</strong></span> <span class='ocrx_word' id='word_1_51' title='bbox 633 822 809 861; x_wconf 55' lang='lat' dir='ltr'><strong>&amp;equore</strong></span> <span class='ocrx_word' id='word_1_52' title='bbox 830 821 999 848; x_wconf 81' lang='lat' dir='ltr'><strong>mersus</strong></span> <span class='ocrx_word' id='word_1_53' title='bbox 1020 809 1115 848; x_wconf 85' lang='lat' dir='ltr'><strong>erit.</strong></span> 
     </span>
    </p>

    <p class='ocr_par' dir='ltr' id='par_1_11' title="bbox 223 873 1439 926">
     <span class='ocr_line' id='line_1_13' title="bbox 223 873 1439 926; baseline -0.002 -9"><span class='ocrx_word' id='word_1_54' title='bbox 223 877 467 918; x_wconf 77' lang='lat' dir='ltr'><strong>PROXIMA</strong></span> <span class='ocrx_word' id='word_1_55' title='bbox 491 876 714 915; x_wconf 85' lang='lat' dir='ltr'><strong>victricem</strong></span> <span class='ocrx_word' id='word_1_56' title='bbox 738 886 839 914; x_wconf 89' lang='lat' dir='ltr'><strong>cum</strong></span> <span class='ocrx_word' id='word_1_57' title='bbox 862 873 1051 913; x_wconf 80' lang='lat' dir='ltr'><strong>Romam</strong></span> <span class='ocrx_word' id='word_1_58' title='bbox 1071 874 1314 926; x_wconf 72' lang='lat' dir='ltr'><strong>inspexerit</strong></span> <span class='ocrx_word' id='word_1_59' title='bbox 1336 874 1439 925; x_wconf 86' lang='lat' dir='ltr'><strong>Eos,</strong></span> 
     </span>
    </p>
   </div>
   <div class='ocr_carea' id='block_1_10' title="bbox 278 940 1232 994">
    <p class='ocr_par' dir='ltr' id='par_1_12' title="bbox 278 940 1232 994">
     <span class='ocr_line' id='line_1_14' title="bbox 278 940 1232 994; baseline -0.003 -11"><span class='ocrx_word' id='word_1_60' title='bbox 278 943 336 984; x_wconf 81' lang='lat' dir='ltr'><strong>Et</strong></span> <span class='ocrx_word' id='word_1_61' title='bbox 355 942 522 983; x_wconf 85' lang='lat' dir='ltr'><strong>dederit</strong></span> <span class='ocrx_word' id='word_1_62' title='bbox 548 941 716 982; x_wconf 83' lang='lat' dir='ltr'>Phoebo</span> <span class='ocrx_word' id='word_1_63' title='bbox 738 941 870 982; x_wconf 80' lang='lat' dir='ltr'><strong>stella</strong></span> <span class='ocrx_word' id='word_1_64' title='bbox 891 940 1042 994; x_wconf 78' lang='lat' dir='ltr'><strong>fugata</strong></span> <span class='ocrx_word' id='word_1_65' title='bbox 1060 940 1232 991; x_wconf 84' lang='lat' dir='ltr'><strong>locum3</strong></span> 
     </span>
    </p>
   </div>
   <div class='ocr_carea' id='block_1_11' title="bbox 221 1084 1228 1125">
    <p class='ocr_par' dir='ltr' id='par_1_13' title="bbox 221 1084 1228 1125">
     <span class='ocr_line' id='line_1_15' title="bbox 221 1084 1228 1125; baseline -0.001 -10"><span class='ocrx_word' id='word_1_66' title='bbox 221 1095 277 1125; x_wconf 81' lang='lat' dir='ltr'><strong>quo</strong></span> <span class='ocrx_word' id='word_1_67' title='bbox 289 1086 408 1124; x_wconf 76' lang='lat' dir='ltr'><strong>glorior</strong></span> <span class='ocrx_word' id='word_1_68' title='bbox 423 1086 571 1116; x_wconf 77' lang='lat' dir='ltr'><strong>militasse</strong></span> <span class='ocrx_word' id='word_1_69' title='bbox 585 1085 749 1116; x_wconf 78' lang='lat' dir='ltr'><strong>Tribunus.</strong></span> <span class='ocrx_word' id='word_1_70' title='bbox 795 1085 855 1116; x_wconf 86' lang='lat' dir='ltr'><strong>Ille</strong></span> <span class='ocrx_word' id='word_1_71' title='bbox 874 1084 1004 1125; x_wconf 70' lang='lat' dir='ltr'><strong>pra&#39;fuit</strong></span> <span class='ocrx_word' id='word_1_72' title='bbox 1024 1095 1089 1116; x_wconf 84' lang='lat' dir='ltr'><strong>meo</strong></span> <span class='ocrx_word' id='word_1_73' title='bbox 1101 1084 1228 1115; x_wconf 76' lang='lat' dir='ltr'><strong>muneri.</strong></span> 
     </span>
    </p>
   </div>
   <div class='ocr_carea' id='block_1_12' title="bbox 1600 941 1685 984">
    <p class='ocr_par' dir='ltr' id='par_1_14' title="bbox 1600 941 1685 984">
     <span class='ocr_line' id='line_1_16' title="bbox 1600 941 1685 984; baseline -0.012 0"><span class='ocrx_word' id='word_1_74' title='bbox 1600 941 1685 984; x_wconf 85' lang='lat'><strong>390</strong></span> 
     </span>
    </p>
   </div>
   <div class='ocr_carea' id='block_1_13' title="bbox 1278 1083 1687 1123">
    <p class='ocr_par' dir='ltr' id='par_1_15' title="bbox 1278 1083 1687 1123">
     <span class='ocr_line' id='line_1_17' title="bbox 1278 1083 1687 1123; baseline 0.007 -9"><span class='ocrx_word' id='word_1_75' title='bbox 1278 1084 1347 1123; x_wconf 83' lang='lat' dir='ltr'><strong>Ego</strong></span> <span class='ocrx_word' id='word_1_76' title='bbox 1361 1094 1457 1115; x_wconf 82' lang='lat' dir='ltr'><strong>meam</strong></span> <span class='ocrx_word' id='word_1_77' title='bbox 1469 1083 1538 1122; x_wconf 79' lang='lat' dir='ltr'><strong>feci</strong></span> <span class='ocrx_word' id='word_1_78' title='bbox 1549 1085 1627 1117; x_wconf 77' lang='lat' dir='ltr'><strong>hanc</strong></span> <span class='ocrx_word' id='word_1_79' title='bbox 1640 1096 1687 1117; x_wconf 85' lang='lat' dir='ltr'><strong>se-</strong></span> 
     </span>
    </p>
   </div>
   <div class='ocr_carea' id='block_1_14' title="bbox 221 1128 1687 1212">
    <p class='ocr_par' dir='ltr' id='par_1_16' title="bbox 221 1128 1687 1212">
     <span class='ocr_line' id='line_1_18' title="bbox 221 1128 1686 1168; baseline 0.001 -11"><span class='ocrx_word' id='word_1_80' title='bbox 221 1130 289 1158; x_wconf 79' lang='lat' dir='ltr'><strong>dem</strong></span> <span class='ocrx_word' id='word_1_81' title='bbox 305 1128 390 1167; x_wconf 83' lang='lat' dir='ltr'><strong>bello,</strong></span> <span class='ocrx_word' id='word_1_82' title='bbox 403 1132 436 1158; x_wconf 78' lang='lat' dir='ltr'><strong>lu</strong></span> <span class='ocrx_word' id='word_1_83' title='bbox 449 1139 536 1167; x_wconf 76' lang='lat' dir='ltr'><strong>pace,</strong></span> <span class='ocrx_word' id='word_1_84' title='bbox 546 1138 617 1158; x_wconf 78' lang='lat' dir='ltr'><strong>usus</strong></span> <span class='ocrx_word' id='word_1_85' title='bbox 628 1128 739 1158; x_wconf 81' lang='lat' dir='ltr'><strong>honore</strong></span> <span class='ocrx_word' id='word_1_86' title='bbox 755 1128 837 1158; x_wconf 77' lang='lat' dir='ltr'><strong>inter</strong></span> <span class='ocrx_word' id='word_1_87' title='bbox 850 1129 1060 1159; x_wconf 70' lang='lat' dir='ltr'><strong>Decemviros,</strong></span> <span class='ocrx_word' id='word_1_88' title='bbox 1097 1128 1198 1158; x_wconf 84' lang='lat' dir='ltr'><strong>Plura</strong></span> <span class='ocrx_word' id='word_1_89' title='bbox 1209 1128 1324 1158; x_wconf 76' lang='lat' dir='ltr'><strong>dicturi</strong></span> <span class='ocrx_word' id='word_1_90' title='bbox 1335 1128 1513 1158; x_wconf 74' lang='lat' dir='ltr'><strong>divellimur</strong></span> <span class='ocrx_word' id='word_1_91' title='bbox 1527 1129 1686 1168; x_wconf 77' lang='lat' dir='ltr'><strong>repentino</strong></span> 
     </span>
     <span class='ocr_line' id='line_1_19' title="bbox 221 1170 1687 1212; baseline 0.001 -12"><span class='ocrx_word' id='word_1_92' title='bbox 221 1170 336 1201; x_wconf 75' lang='lat' dir='ltr'><strong>nimbo.</strong></span> <span class='ocrx_word' id='word_1_93' title='bbox 383 1171 483 1201; x_wconf 79' lang='lat' dir='ltr'><strong>Libra</strong></span> <span class='ocrx_word' id='word_1_94' title='bbox 498 1170 628 1210; x_wconf 80' lang='lat' dir='ltr'><strong>pendula</strong></span> <span class='ocrx_word' id='word_1_95' title='bbox 642 1171 739 1200; x_wconf 80' lang='lat' dir='ltr'><strong>ciebat</strong></span> <span class='ocrx_word' id='word_1_96' title='bbox 754 1180 850 1209; x_wconf 82' lang='lat' dir='ltr'><strong>aquus</strong></span> <span class='ocrx_word' id='word_1_97' title='bbox 865 1171 1006 1201; x_wconf 72' lang='lat' dir='ltr'><strong>coelestes,</strong></span> <span class='ocrx_word' id='word_1_98' title='bbox 1054 1170 1240 1209; x_wconf 79' lang='lat' dir='ltr'><em>Priusquam</em></span> <span class='ocrx_word' id='word_1_99' title='bbox 1263 1173 1366 1200; x_wconf 70' lang='lat' dir='ltr'><strong>tamen</strong></span> <span class='ocrx_word' id='word_1_100' title='bbox 1388 1171 1497 1201; x_wconf 81' lang='lat' dir='ltr'><strong>ultima</strong></span> <span class='ocrx_word' id='word_1_101' title='bbox 1513 1171 1687 1212; x_wconf 79' lang='lat' dir='ltr'><strong>diesfinem</strong></span> 
     </span>
    </p>
   </div>
   <div class='ocr_carea' id='block_1_15' title="bbox 215 1212 1104 1253">
    <p class='ocr_par' dir='ltr' id='par_1_17' title="bbox 215 1212 1104 1253">
     <span class='ocr_line' id='line_1_20' title="bbox 215 1212 1104 1253; baseline -0.001 -11"><span class='ocrx_word' id='word_1_102' title='bbox 215 1212 319 1249; x_wconf 75' lang='lat' dir='ltr'><strong>faciut</strong></span> <span class='ocrx_word' id='word_1_103' title='bbox 333 1214 526 1253; x_wconf 72' lang='lat' dir='ltr'><strong>spectaculis,</strong></span> <span class='ocrx_word' id='word_1_104' title='bbox 548 1213 647 1243; x_wconf 79' lang='lat' dir='ltr'><strong>Orion</strong></span> <span class='ocrx_word' id='word_1_105' title='bbox 667 1212 781 1249; x_wconf 57' lang='lat' dir='ltr'><strong>ensifer</strong></span> <span class='ocrx_word' id='word_1_106' title='bbox 796 1214 857 1243; x_wconf 80' lang='lat' dir='ltr'><strong>erit</strong></span> <span class='ocrx_word' id='word_1_107' title='bbox 874 1222 989 1243; x_wconf 81' lang='lat' dir='ltr'><strong>mersus</strong></span> <span class='ocrx_word' id='word_1_108' title='bbox 1013 1213 1104 1242; x_wconf 81' lang='lat' dir='ltr'><strong>mari.</strong></span> 
     </span>
    </p>
   </div>
   <div class='ocr_carea' id='block_1_16' title="bbox 1109 1230 1192 1235">
    <p class='ocr_par' dir='ltr' id='par_1_18' title="bbox 1109 1230 1192 1235">
     <span class='ocr_line' id='line_1_21' title="bbox 1109 1230 1192 1235; baseline 0 0"><span class='ocrx_word' id='word_1_109' title='bbox 1109 1230 1192 1235; x_wconf 95' lang='lat' dir='ltr'><strong> </strong></span> 
     </span>
    </p>
   </div>
   <div class='ocr_carea' id='block_1_17' title="bbox 1198 1213 1687 1252">
    <p class='ocr_par' dir='ltr' id='par_1_19' title="bbox 1198 1213 1687 1252">
     <span class='ocr_line' id='line_1_22' title="bbox 1198 1213 1687 1252; baseline 0.004 -10"><span class='ocrx_word' id='word_1_110' title='bbox 1198 1214 1274 1242; x_wconf 84' lang='lat' dir='ltr'><strong>Cum</strong></span> <span class='ocrx_word' id='word_1_111' title='bbox 1290 1222 1416 1252; x_wconf 80' lang='lat' dir='ltr'><strong>sequens</strong></span> <span class='ocrx_word' id='word_1_112' title='bbox 1431 1213 1557 1244; x_wconf 75' lang='lat' dir='ltr'><strong>Aurora</strong></span> <span class='ocrx_word' id='word_1_113' title='bbox 1572 1214 1687 1245; x_wconf 80' lang='lat' dir='ltr'><strong>viderit</strong></span> 
     </span>
    </p>
   </div>
   <div class='ocr_carea' id='block_1_18' title="bbox 224 1254 1686 1295">
    <p class='ocr_par' dir='ltr' id='par_1_20' title="bbox 224 1254 1686 1295">
     <span class='ocr_line' id='line_1_23' title="bbox 224 1254 1686 1295; baseline 0.001 -9"><span class='ocrx_word' id='word_1_114' title='bbox 224 1257 355 1286; x_wconf 72' lang='lat' dir='ltr'><strong>Romam</strong></span> <span class='ocrx_word' id='word_1_115' title='bbox 369 1256 540 1295; x_wconf 71' lang='lat' dir='ltr'><strong>victricem,</strong></span> <span class='ocrx_word' id='word_1_116' title='bbox 566 1259 656 1295; x_wconf 78' lang='lat' dir='ltr'><strong>aeque</strong></span> <span class='ocrx_word' id='word_1_117' title='bbox 680 1258 764 1285; x_wconf 77' lang='lat' dir='ltr'><strong>astra</strong></span> <span class='ocrx_word' id='word_1_118' title='bbox 779 1256 904 1295; x_wconf 73' lang='lat' dir='ltr'><strong>depulsa</strong></span> <span class='ocrx_word' id='word_1_119' title='bbox 923 1254 1062 1292; x_wconf 79' lang='lat' dir='ltr'><strong>fecerint</strong></span> <span class='ocrx_word' id='word_1_120' title='bbox 1078 1255 1175 1285; x_wconf 82' lang='lat' dir='ltr'><strong>locum</strong></span> <span class='ocrx_word' id='word_1_121' title='bbox 1191 1254 1341 1294; x_wconf 74' lang='lat' dir='ltr'><strong>Apollini,</strong></span> <span class='ocrx_word' id='word_1_122' title='bbox 1370 1256 1481 1286; x_wconf 80' lang='lat' dir='ltr'><strong>Circus</strong></span> <span class='ocrx_word' id='word_1_123' title='bbox 1496 1256 1556 1286; x_wconf 76' lang='lat' dir='ltr'><strong>erit</strong></span> <span class='ocrx_word' id='word_1_124' title='bbox 1571 1257 1686 1287; x_wconf 81' lang='lat' dir='ltr'><strong>celeber</strong></span> 
     </span>
    </p>
   </div>
   <div class='ocr_carea' id='block_1_19' title="bbox 835 1347 1067 1359">
    <p class='ocr_par' dir='ltr' id='par_1_21' title="bbox 835 1347 1067 1359">
     <span class='ocr_line' id='line_1_24' title="bbox 835 1347 1067 1359; baseline 0 -1"><span class='ocrx_word' id='word_1_125' title='bbox 835 1347 1067 1359; x_wconf 58' lang='lat' dir='ltr'><strong>m‘emvm</strong></span> 
     </span>
    </p>
   </div>
   <div class='ocr_carea' id='block_1_20' title="bbox 223 1413 1684 1454">
    <p class='ocr_par' dir='ltr' id='par_1_22' title="bbox 223 1413 1684 1454">
     <span class='ocr_line' id='line_1_25' title="bbox 223 1413 1684 1454; baseline -0.001 -10"><span class='ocrx_word' id='word_1_126' title='bbox 223 1414 557 1454; x_wconf 61' lang='lat' dir='ltr'><strong>continuusque—381</strong></span> <span class='ocrx_word' id='word_1_127' title='bbox 583 1414 671 1444; x_wconf 86' lang='lat' dir='ltr'><strong>Maz.</strong></span> <span class='ocrx_word' id='word_1_128' title='bbox 702 1413 833 1444; x_wconf 88' lang='lat' dir='ltr'><strong>Zulich.</strong></span> <span class='ocrx_word' id='word_1_129' title='bbox 850 1413 948 1443; x_wconf 75' lang='lat' dir='ltr'><strong>Voss.</strong></span> <span class='ocrx_word' id='word_1_130' title='bbox 977 1416 1011 1443; x_wconf 83' lang='lat' dir='ltr'><strong>et</strong></span> <span class='ocrx_word' id='word_1_131' title='bbox 1030 1417 1098 1443; x_wconf 86' lang='lat' dir='ltr'><strong>tres</strong></span> <span class='ocrx_word' id='word_1_132' title='bbox 1127 1413 1183 1443; x_wconf 88' lang='lat' dir='ltr'><strong>alii</strong></span> <span class='ocrx_word' id='word_1_133' title='bbox 1207 1423 1283 1444; x_wconf 82' lang='lat' dir='ltr'><strong>mer.</strong></span> <span class='ocrx_word' id='word_1_134' title='bbox 1309 1413 1565 1445; x_wconf 53' lang='lat' dir='ltr'><strong>tributura—382</strong></span> <span class='ocrx_word' id='word_1_135' title='bbox 1588 1415 1684 1446; x_wconf 76' lang='lat' dir='ltr'><strong>Unus</strong></span> 
     </span>
    </p>
   </div>
   <div class='ocr_carea' id='block_1_21' title="bbox 223 1457 502 1487">
    <p class='ocr_par' dir='ltr' id='par_1_23' title="bbox 223 1457 502 1487">
     <span class='ocr_line' id='line_1_26' title="bbox 223 1457 502 1487; baseline -0.004 0"><span class='ocrx_word' id='word_1_136' title='bbox 223 1458 310 1487; x_wconf 81' lang='lat' dir='ltr'><strong>Mor.</strong></span> <span class='ocrx_word' id='word_1_137' title='bbox 330 1457 502 1487; x_wconf 74' lang='lat' dir='ltr'><strong>Gratulor:</strong></span> 
     </span>
    </p>
   </div>
   <div class='ocr_carea' id='block_1_22' title="bbox 526 1455 1685 1497">
    <p class='ocr_par' dir='ltr' id='par_1_24' title="bbox 526 1455 1685 1497">
     <span class='ocr_line' id='line_1_27' title="bbox 526 1455 1685 1497; baseline 0.001 -11.017"><span class='ocrx_word' id='word_1_138' title='bbox 526 1455 582 1496; x_wconf 84' lang='lat' dir='ltr'><strong>off.</strong></span> <span class='ocrx_word' id='word_1_139' title='bbox 600 1461 635 1487; x_wconf 86' lang='lat' dir='ltr'><strong>et</strong></span> <span class='ocrx_word' id='word_1_140' title='bbox 652 1456 788 1496; x_wconf 87' lang='lat' dir='ltr'><strong>quidam</strong></span> <span class='ocrx_word' id='word_1_141' title='bbox 805 1455 924 1495; x_wconf 83' lang='lat' dir='ltr'><strong>scripti</strong></span> <span class='ocrx_word' id='word_1_142' title='bbox 940 1465 1015 1486; x_wconf 89' lang='lat' dir='ltr'><strong>cum</strong></span> <span class='ocrx_word' id='word_1_143' title='bbox 1035 1456 1125 1492; x_wconf 71' lang='lat' dir='ltr'><strong>vulo.</strong></span> <span class='ocrx_word' id='word_1_144' title='bbox 1149 1456 1266 1497; x_wconf 59' lang='lat' dir='ltr'><strong>officiis.</strong></span> <span class='ocrx_word' id='word_1_145' title='bbox 1268 1459 1373 1486; x_wconf 78' lang='lat'>—385</span> <span class='ocrx_word' id='word_1_146' title='bbox 1398 1455 1580 1487; x_wconf 73' lang='lat' dir='ltr'><strong>seducimur</strong></span> <span class='ocrx_word' id='word_1_147' title='bbox 1592 1467 1685 1488; x_wconf 88' lang='lat' dir='ltr'><strong>reee-</strong></span> 
     </span>
    </p>
   </div>
   <div class='ocr_carea' id='block_1_23' title="bbox 222 1497 1687 1582">
    <p class='ocr_par' dir='ltr' id='par_1_25' title="bbox 222 1497 1686 1582">
     <span class='ocr_line' id='line_1_28' title="bbox 224 1497 1686 1538; baseline 0.001 -9"><span class='ocrx_word' id='word_1_148' title='bbox 224 1500 275 1538; x_wconf 79' lang='lat' dir='ltr'><strong>pit</strong></span> <span class='ocrx_word' id='word_1_149' title='bbox 297 1498 417 1529; x_wconf 86' lang='lat' dir='ltr'><strong>Heius.</strong></span> <span class='ocrx_word' id='word_1_150' title='bbox 436 1509 478 1529; x_wconf 90' lang='lat' dir='ltr'><strong>ex</strong></span> <span class='ocrx_word' id='word_1_151' title='bbox 495 1499 584 1529; x_wconf 85' lang='lat' dir='ltr'><strong>Maz.</strong></span> <span class='ocrx_word' id='word_1_152' title='bbox 599 1499 731 1529; x_wconf 80' lang='lat' dir='ltr'><strong>Zulich.</strong></span> <span class='ocrx_word' id='word_1_153' title='bbox 753 1503 789 1529; x_wconf 84' lang='lat' dir='ltr'><strong>et</strong></span> <span class='ocrx_word' id='word_1_154' title='bbox 807 1497 936 1530; x_wconf 83' lang='lat' dir='ltr'><strong>Erfurt.</strong></span> <span class='ocrx_word' id='word_1_155' title='bbox 954 1508 1014 1538; x_wconf 84' lang='lat' dir='ltr'><strong>pro</strong></span> <span class='ocrx_word' id='word_1_156' title='bbox 1032 1499 1123 1538; x_wconf 78' lang='lat' dir='ltr'><strong>vulg.</strong></span> <span class='ocrx_word' id='word_1_157' title='bbox 1141 1499 1338 1528; x_wconf 80' lang='lat' dir='ltr'><strong>subducimur</strong></span> <span class='ocrx_word' id='word_1_158' title='bbox 1343 1501 1460 1529; x_wconf 81' lang='lat'>—386</span> <span class='ocrx_word' id='word_1_159' title='bbox 1472 1500 1551 1530; x_wconf 88' lang='lat' dir='ltr'><strong>Duo</strong></span> <span class='ocrx_word' id='word_1_160' title='bbox 1564 1499 1686 1538; x_wconf 68' lang='lat' dir='ltr'><strong>scripu</strong></span> 
     </span>
     <span class='ocr_line' id='line_1_29' title="bbox 222 1540 1687 1582; baseline 0.001 -11"><span class='ocrx_word' id='word_1_161' title='bbox 222 1551 298 1573; x_wconf 82' lang='lat' dir='ltr'><strong>mov.</strong></span> <span class='ocrx_word' id='word_1_162' title='bbox 315 1551 417 1582; x_wconf 76' lang='lat' dir='ltr'><strong>equos.</strong></span> <span class='ocrx_word' id='word_1_163' title='bbox 421 1543 527 1573; x_wconf 83' lang='lat'><strong>—387</strong></span> <span class='ocrx_word' id='word_1_164' title='bbox 552 1542 648 1573; x_wconf 84' lang='lat' dir='ltr'><strong>Unus</strong></span> <span class='ocrx_word' id='word_1_165' title='bbox 664 1541 752 1572; x_wconf 87' lang='lat' dir='ltr'><strong>liber</strong></span> <span class='ocrx_word' id='word_1_166' title='bbox 775 1551 863 1581; x_wconf 80' lang='lat' dir='ltr'><strong>quem</strong></span> <span class='ocrx_word' id='word_1_167' title='bbox 878 1540 972 1579; x_wconf 68' lang='lat' dir='ltr'><strong>fulcu</strong></span> <span class='ocrx_word' id='word_1_168' title='bbox 993 1541 1038 1572; x_wconf 70' lang='lat' dir='ltr'><strong>di.</strong></span> <span class='ocrx_word' id='word_1_169' title='bbox 1042 1544 1148 1572; x_wconf 78' lang='lat'>—388</span> <span class='ocrx_word' id='word_1_170' title='bbox 1171 1541 1347 1582; x_wconf 77' lang='lat' dir='ltr'><strong>Melimes,</strong></span> <span class='ocrx_word' id='word_1_171' title='bbox 1366 1546 1453 1572; x_wconf 81' lang='lat' dir='ltr'><strong>teste</strong></span> <span class='ocrx_word' id='word_1_172' title='bbox 1481 1542 1603 1573; x_wconf 86' lang='lat' dir='ltr'><strong>Heius.</strong></span> <span class='ocrx_word' id='word_1_173' title='bbox 1624 1543 1687 1573; x_wconf 81' lang='lat' dir='ltr'><strong>Eu-</strong></span> 
     </span>
    </p>
   </div>
   <div class='ocr_carea' id='block_1_24' title="bbox 885 1653 1025 1686">
    <p class='ocr_par' dir='ltr' id='par_1_26' title="bbox 885 1653 1025 1686">
     <span class='ocr_line' id='line_1_30' title="bbox 885 1653 1025 1686; baseline 0 0"><span class='ocrx_word' id='word_1_174' title='bbox 885 1654 917 1686; x_wconf 84' lang='lat' dir='ltr'>N</span> <span class='ocrx_word' id='word_1_175' title='bbox 924 1653 1025 1686; x_wconf 83' lang='lat' dir='ltr'><strong>OTAE</strong></span> 
     </span>
    </p>
   </div>
   <div class='ocr_carea' id='block_1_25' title="bbox 212 1745 930 2848">
    <p class='ocr_par' dir='ltr' id='par_1_27' title="bbox 222 1745 929 1829">
     <span class='ocr_line' id='line_1_31' title="bbox 222 1745 929 1788; baseline 0 -11"><span class='ocrx_word' id='word_1_176' title='bbox 222 1745 929 1788; x_wconf 52' lang='lat' dir='ltr'><strong>‹tursunnutinAEgyptodidicerat‚magna</strong></span> 
     </span>
     <span class='ocr_line' id='line_1_32' title="bbox 222 1797 619 1829; baseline 0.005 -2"><span class='ocrx_word' id='word_1_177' title='bbox 222 1798 319 1829; x_wconf 79' lang='lat' dir='ltr'><strong>laude</strong></span> <span class='ocrx_word' id='word_1_178' title='bbox 335 1797 619 1829; x_wconf 79' lang='lat' dir='ltr'><strong>accommodavit.</strong></span> 
     </span>
    </p>

    <p class='ocr_par' dir='ltr' id='par_1_28' title="bbox 222 1847 930 2078">
     <span class='ocr_line' id='line_1_33' title="bbox 264 1847 929 1889; baseline -0.002 -9"><span class='ocrx_word' id='word_1_179' title='bbox 264 1849 406 1889; x_wconf 78' lang='lat' dir='ltr'><strong>Libycis]</strong></span> <span class='ocrx_word' id='word_1_180' title='bbox 452 1849 493 1879; x_wconf 85' lang='lat' dir='ltr'><strong>ln</strong></span> <span class='ocrx_word' id='word_1_181' title='bbox 525 1847 663 1886; x_wconf 83' lang='lat' dir='ltr'><strong>Africa;</strong></span> <span class='ocrx_word' id='word_1_182' title='bbox 686 1848 741 1879; x_wconf 90' lang='lat' dir='ltr'><strong>ubi</strong></span> <span class='ocrx_word' id='word_1_183' title='bbox 767 1848 929 1879; x_wconf 85' lang='lat' dir='ltr'><strong>adversus</strong></span> 
     </span>
     <span class='ocr_line' id='line_1_34' title="bbox 222 1899 929 1939; baseline 0.001 -11"><span class='ocrx_word' id='word_1_184' title='bbox 222 1899 346 1929; x_wconf 60' lang='lat' dir='ltr'><strong>jubam</strong></span> <span class='ocrx_word' id='word_1_185' title='bbox 369 1899 587 1930; x_wconf 63' lang='lat' dir='ltr'><strong>Mauritaniae</strong></span> <span class='ocrx_word' id='word_1_186' title='bbox 605 1909 732 1939; x_wconf 74' lang='lat' dir='ltr'><strong>regem,</strong></span> <span class='ocrx_word' id='word_1_187' title='bbox 750 1900 929 1937; x_wconf 87' lang='lat' dir='ltr'><strong>Catonem,</strong></span> 
     </span>
     <span class='ocr_line' id='line_1_35' title="bbox 224 1948 930 1989; baseline 0.001 -11"><span class='ocrx_word' id='word_1_188' title='bbox 224 1949 428 1988; x_wconf 79' lang='lat' dir='ltr'><strong>Scipionem,</strong></span> <span class='ocrx_word' id='word_1_189' title='bbox 451 1949 671 1989; x_wconf 86' lang='lat' dir='ltr'><strong>partiumque</strong></span> <span class='ocrx_word' id='word_1_190' title='bbox 687 1948 930 1989; x_wconf 80' lang='lat' dir='ltr'><strong>naufragarum</strong></span> 
     </span>
     <span class='ocr_line' id='line_1_36' title="bbox 223 1999 929 2040; baseline 0.003 -12"><span class='ocrx_word' id='word_1_191' title='bbox 223 1999 396 2039; x_wconf 76' lang='lat' dir='ltr'><strong>reliquias,</strong></span> <span class='ocrx_word' id='word_1_192' title='bbox 429 1999 577 2029; x_wconf 87' lang='lat' dir='ltr'><strong>atrocius</strong></span> <span class='ocrx_word' id='word_1_193' title='bbox 614 1999 722 2029; x_wconf 86' lang='lat' dir='ltr'><strong>multo</strong></span> <span class='ocrx_word' id='word_1_194' title='bbox 760 2009 857 2040; x_wconf 89' lang='lat' dir='ltr'><strong>quam</strong></span> <span class='ocrx_word' id='word_1_195' title='bbox 895 2000 929 2030; x_wconf 91' lang='lat' dir='ltr'><strong>in</strong></span> 
     </span>
     <span class='ocr_line' id='line_1_37' title="bbox 222 2047 754 2078; baseline 0 0"><span class='ocrx_word' id='word_1_196' title='bbox 222 2048 400 2078; x_wconf 76' lang='lat' dir='ltr'><strong>Pharsalia</strong></span> <span class='ocrx_word' id='word_1_197' title='bbox 416 2049 531 2078; x_wconf 84' lang='lat' dir='ltr'><strong>Caesar</strong></span> <span class='ocrx_word' id='word_1_198' title='bbox 554 2047 713 2078; x_wconf 82' lang='lat' dir='ltr'><strong>certavit.</strong></span> <span class='ocrx_word' id='word_1_199' title='bbox 749 2051 754 2056; x_wconf 82' lang='lat'><strong><em>&#39;</em></strong></span> 
     </span>
    </p>

    <p class='ocr_par' dir='ltr' id='par_1_29' title="bbox 220 2097 928 2484">
     <span class='ocr_line' id='line_1_38' title="bbox 265 2097 928 2137; baseline -0.002 -8"><span class='ocrx_word' id='word_1_200' title='bbox 265 2100 328 2129; x_wconf 81' lang='lat'><strong>380</strong></span> <span class='ocrx_word' id='word_1_201' title='bbox 353 2097 519 2137; x_wconf 80' lang='lat' dir='ltr'><strong>Contudit]</strong></span> <span class='ocrx_word' id='word_1_202' title='bbox 548 2098 689 2137; x_wconf 84' lang='lat' dir='ltr'><strong>Strages</strong></span> <span class='ocrx_word' id='word_1_203' title='bbox 706 2107 788 2128; x_wconf 90' lang='lat' dir='ltr'><strong>vero</strong></span> <span class='ocrx_word' id='word_1_204' title='bbox 812 2098 854 2129; x_wconf 88' lang='lat' dir='ltr'><strong>ab</strong></span> <span class='ocrx_word' id='word_1_205' title='bbox 870 2099 928 2129; x_wconf 93' lang='lat' dir='ltr'><strong>illo</strong></span> 
     </span>
     <span class='ocr_line' id='line_1_39' title="bbox 222 2145 927 2188; baseline 0 -9"><span class='ocrx_word' id='word_1_206' title='bbox 222 2157 302 2188; x_wconf 84' lang='lat' dir='ltr'><strong>rege</strong></span> <span class='ocrx_word' id='word_1_207' title='bbox 315 2147 442 2187; x_wconf 83' lang='lat' dir='ltr'><strong>coepit3</strong></span> <span class='ocrx_word' id='word_1_208' title='bbox 468 2147 523 2188; x_wconf 87' lang='lat' dir='ltr'><strong>qni</strong></span> <span class='ocrx_word' id='word_1_209' title='bbox 537 2145 620 2177; x_wconf 88' lang='lat' dir='ltr'><strong>fusis</strong></span> <span class='ocrx_word' id='word_1_210' title='bbox 633 2146 829 2188; x_wconf 77' lang='lat' dir='ltr'><strong>fugatisque</strong></span> <span class='ocrx_word' id='word_1_211' title='bbox 845 2148 927 2188; x_wconf 89' lang='lat' dir='ltr'><strong>suis,</strong></span> 
     </span>
     <span class='ocr_line' id='line_1_40' title="bbox 222 2197 927 2239; baseline 0 -10"><span class='ocrx_word' id='word_1_212' title='bbox 222 2202 403 2239; x_wconf 75' lang='lat' dir='ltr'><strong>postquam</strong></span> <span class='ocrx_word' id='word_1_213' title='bbox 428 2207 500 2228; x_wconf 85' lang='lat' dir='ltr'><strong>sese</strong></span> <span class='ocrx_word' id='word_1_214' title='bbox 528 2197 714 2237; x_wconf 82' lang='lat' dir='ltr'><strong>recepisset</strong></span> <span class='ocrx_word' id='word_1_215' title='bbox 731 2197 765 2228; x_wconf 92' lang='lat' dir='ltr'><strong>in</strong></span> <span class='ocrx_word' id='word_1_216' title='bbox 789 2198 927 2238; x_wconf 81' lang='lat' dir='ltr'><strong>regiam,</strong></span> 
     </span>
     <span class='ocr_line' id='line_1_41' title="bbox 220 2248 927 2290; baseline -0.001 -9"><span class='ocrx_word' id='word_1_217' title='bbox 220 2248 400 2290; x_wconf 81' lang='lat' dir='ltr'><strong>magnifice</strong></span> <span class='ocrx_word' id='word_1_218' title='bbox 428 2249 596 2289; x_wconf 86' lang='lat' dir='ltr'><strong>epulatus,</strong></span> <span class='ocrx_word' id='word_1_219' title='bbox 612 2257 713 2288; x_wconf 88' lang='lat' dir='ltr'><strong>super</strong></span> <span class='ocrx_word' id='word_1_220' title='bbox 735 2258 867 2279; x_wconf 86' lang='lat' dir='ltr'><strong>mensas</strong></span> <span class='ocrx_word' id='word_1_221' title='bbox 890 2253 927 2280; x_wconf 90' lang='lat' dir='ltr'><strong>et</strong></span> 
     </span>
     <span class='ocr_line' id='line_1_42' title="bbox 222 2298 926 2341; baseline -0.003 -10"><span class='ocrx_word' id='word_1_222' title='bbox 222 2300 346 2341; x_wconf 84' lang='lat' dir='ltr'><strong>pocula</strong></span> <span class='ocrx_word' id='word_1_223' title='bbox 363 2299 502 2331; x_wconf 84' lang='lat' dir='ltr'><strong>Petreio</strong></span> <span class='ocrx_word' id='word_1_224' title='bbox 532 2298 620 2339; x_wconf 84' lang='lat' dir='ltr'><strong>fugae</strong></span> <span class='ocrx_word' id='word_1_225' title='bbox 637 2299 753 2330; x_wconf 84' lang='lat' dir='ltr'><strong>comiti</strong></span> <span class='ocrx_word' id='word_1_226' title='bbox 781 2308 855 2330; x_wconf 85' lang='lat' dir='ltr'><strong>sese</strong></span> <span class='ocrx_word' id='word_1_227' title='bbox 872 2299 926 2340; x_wconf 87' lang='lat' dir='ltr'><strong>ju-</strong></span> 
     </span>
     <span class='ocr_line' id='line_1_43' title="bbox 222 2349 925 2391; baseline 0 -9"><span class='ocrx_word' id='word_1_228' title='bbox 222 2350 403 2391; x_wconf 86' lang='lat' dir='ltr'><strong>gulandum</strong></span> <span class='ocrx_word' id='word_1_229' title='bbox 426 2350 587 2391; x_wconf 82' lang='lat' dir='ltr'><strong>praebuit.</strong></span> <span class='ocrx_word' id='word_1_230' title='bbox 633 2349 789 2381; x_wconf 83' lang='lat' dir='ltr'><strong>Observa</strong></span> <span class='ocrx_word' id='word_1_231' title='bbox 812 2355 925 2382; x_wconf 86' lang='lat' dir='ltr'><strong>autem</strong></span> 
     </span>
     <span class='ocr_line' id='line_1_44' title="bbox 222 2401 924 2442; baseline 0 -10"><span class='ocrx_word' id='word_1_232' title='bbox 222 2411 323 2442; x_wconf 86' lang='lat' dir='ltr'><strong>quam</strong></span> <span class='ocrx_word' id='word_1_233' title='bbox 340 2402 529 2442; x_wconf 83' lang='lat' dir='ltr'><strong>prudenter</strong></span> <span class='ocrx_word' id='word_1_234' title='bbox 545 2401 586 2433; x_wconf 89' lang='lat' dir='ltr'><strong>de</strong></span> <span class='ocrx_word' id='word_1_235' title='bbox 600 2401 730 2433; x_wconf 88' lang='lat' dir='ltr'><strong>civibus</strong></span> <span class='ocrx_word' id='word_1_236' title='bbox 746 2401 924 2433; x_wconf 86' lang='lat' dir='ltr'><strong>victoriam</strong></span> 
     </span>
     <span class='ocr_line' id='line_1_45' title="bbox 222 2452 547 2484; baseline 0 -1"><span class='ocrx_word' id='word_1_237' title='bbox 222 2452 409 2484; x_wconf 83' lang='lat' dir='ltr'><strong>dissimulet</strong></span> <span class='ocrx_word' id='word_1_238' title='bbox 430 2453 547 2483; x_wconf 66' lang='lat' dir='ltr'><strong>Poeta.</strong></span> 
     </span>
    </p>

    <p class='ocr_par' dir='ltr' id='par_1_30' title="bbox 223 2502 927 2636">
     <span class='ocr_line' id='line_1_46' title="bbox 264 2502 927 2543; baseline -0.002 -9"><span class='ocrx_word' id='word_1_239' title='bbox 264 2506 326 2534; x_wconf 82' lang='lat'><strong>381</strong></span> <span class='ocrx_word' id='word_1_240' title='bbox 352 2503 453 2543; x_wconf 71' lang='lat' dir='ltr'><strong>Mihi]</strong></span> <span class='ocrx_word' id='word_1_241' title='bbox 479 2502 628 2533; x_wconf 83' lang='lat' dir='ltr'><strong>Senioris</strong></span> <span class='ocrx_word' id='word_1_242' title='bbox 645 2502 750 2533; x_wconf 88' lang='lat' dir='ltr'><strong>verba</strong></span> <span class='ocrx_word' id='word_1_243' title='bbox 764 2507 854 2540; x_wconf 87' lang='lat' dir='ltr'><strong>sunt,</strong></span> <span class='ocrx_word' id='word_1_244' title='bbox 870 2502 927 2543; x_wconf 89' lang='lat' dir='ltr'><strong>qui</strong></span> 
     </span>
     <span class='ocr_line' id='line_1_47' title="bbox 223 2551 926 2593; baseline -0.001 -9"><span class='ocrx_word' id='word_1_245' title='bbox 223 2553 285 2585; x_wconf 78' lang='lat' dir='ltr'><strong>sub</strong></span> <span class='ocrx_word' id='word_1_246' title='bbox 299 2554 435 2586; x_wconf 85' lang='lat' dir='ltr'><strong>Caesare</strong></span> <span class='ocrx_word' id='word_1_247' title='bbox 446 2553 608 2584; x_wconf 85' lang='lat' dir='ltr'><strong>militasse</strong></span> <span class='ocrx_word' id='word_1_248' title='bbox 625 2553 658 2583; x_wconf 91' lang='lat' dir='ltr'><strong>in</strong></span> <span class='ocrx_word' id='word_1_249' title='bbox 673 2551 792 2584; x_wconf 84' lang='lat' dir='ltr'><strong>Africa</strong></span> <span class='ocrx_word' id='word_1_250' title='bbox 806 2553 926 2593; x_wconf 85' lang='lat' dir='ltr'><strong>gloria—</strong></span> 
     </span>
     <span class='ocr_line' id='line_1_48' title="bbox 225 2611 292 2636; baseline 0 0"><span class='ocrx_word' id='word_1_251' title='bbox 225 2611 292 2636; x_wconf 83' lang='lat' dir='ltr'><strong>tur.</strong></span> 
     </span>
    </p>

    <p class='ocr_par' dir='ltr' id='par_1_31' title="bbox 222 2653 926 2746">
     <span class='ocr_line' id='line_1_49' title="bbox 264 2653 926 2694; baseline -0.002 -8"><span class='ocrx_word' id='word_1_252' title='bbox 264 2657 326 2686; x_wconf 78' lang='lat'><strong>383</strong></span> <span class='ocrx_word' id='word_1_253' title='bbox 353 2654 461 2694; x_wconf 81' lang='lat' dir='ltr'><strong>Hanc]</strong></span> <span class='ocrx_word' id='word_1_254' title='bbox 498 2654 539 2685; x_wconf 85' lang='lat' dir='ltr'><strong>In</strong></span> <span class='ocrx_word' id='word_1_255' title='bbox 564 2654 826 2694; x_wconf 75' lang='lat' dir='ltr'><strong>magistratuum</strong></span> <span class='ocrx_word' id='word_1_256' title='bbox 850 2653 926 2685; x_wconf 86' lang='lat' dir='ltr'><strong>sub-</strong></span> 
     </span>
     <span class='ocr_line' id='line_1_50' title="bbox 222 2704 730 2746; baseline 0 -10"><span class='ocrx_word' id='word_1_257' title='bbox 222 2705 326 2736; x_wconf 77' lang='lat' dir='ltr'><strong>selliis</strong></span> <span class='ocrx_word' id='word_1_258' title='bbox 338 2704 379 2736; x_wconf 79' lang='lat' dir='ltr'><strong>ad</strong></span> <span class='ocrx_word' id='word_1_259' title='bbox 398 2705 497 2735; x_wconf 87' lang='lat' dir='ltr'><strong>ludos</strong></span> <span class='ocrx_word' id='word_1_260' title='bbox 514 2704 730 2746; x_wconf 85' lang='lat' dir='ltr'><strong>spectandos.</strong></span> 
     </span>
    </p>

    <p class='ocr_par' dir='ltr' id='par_1_32' title="bbox 212 2756 926 2848">
     <span class='ocr_line' id='line_1_51' title="bbox 266 2756 926 2797; baseline 0.002 -10"><span class='ocrx_word' id='word_1_261' title='bbox 266 2757 363 2797; x_wconf 82' lang='lat' dir='ltr'><strong>Pace]</strong></span> <span class='ocrx_word' id='word_1_262' title='bbox 393 2756 484 2790; x_wconf 78' lang='lat' dir='ltr'><strong>Quia</strong></span> <span class='ocrx_word' id='word_1_263' title='bbox 503 2757 686 2788; x_wconf 80' lang='lat' dir='ltr'><strong>Decemvir</strong></span> <span class='ocrx_word' id='word_1_264' title='bbox 701 2757 794 2788; x_wconf 81' lang='lat' dir='ltr'><strong>Naso</strong></span> <span class='ocrx_word' id='word_1_265' title='bbox 812 2756 926 2788; x_wconf 85' lang='lat' dir='ltr'><strong>litibus</strong></span> 
     </span>
     <span class='ocr_line' id='line_1_52' title="bbox 212 2805 925 2848; baseline 0 -10"><span class='ocrx_word' id='word_1_266' title='bbox 212 2805 432 2848; x_wconf 85' lang='lat' dir='ltr'><strong>judicandis;</strong></span> <span class='ocrx_word' id='word_1_267' title='bbox 459 2811 496 2838; x_wconf 88' lang='lat' dir='ltr'><strong>nt</strong></span> <span class='ocrx_word' id='word_1_268' title='bbox 514 2816 577 2838; x_wconf 83' lang='lat' dir='ltr'><strong>non</strong></span> <span class='ocrx_word' id='word_1_269' title='bbox 596 2806 740 2837; x_wconf 74' lang='lat' dir='ltr'><strong>obscure</strong></span> <span class='ocrx_word' id='word_1_270' title='bbox 764 2807 865 2838; x_wconf 79' lang='lat' dir='ltr'><strong>eliam</strong></span> <span class='ocrx_word' id='word_1_271' title='bbox 884 2817 925 2838; x_wconf 75' lang='lat' dir='ltr'><strong>ex</strong></span> 
     </span>
    </p>
   </div>
   <div class='ocr_carea' id='block_1_26' title="bbox 981 1746 1689 2836">
    <p class='ocr_par' dir='ltr' id='par_1_33' title="bbox 983 1746 1688 1930">
     <span class='ocr_line' id='line_1_53' title="bbox 983 1746 1688 1789; baseline 0 -11"><span class='ocrx_word' id='word_1_272' title='bbox 983 1747 1067 1778; x_wconf 86' lang='lat' dir='ltr'><strong>locis</strong></span> <span class='ocrx_word' id='word_1_273' title='bbox 1095 1746 1297 1789; x_wconf 87' lang='lat' dir='ltr'><strong>quibusdam</strong></span> <span class='ocrx_word' id='word_1_274' title='bbox 1322 1747 1482 1779; x_wconf 86' lang='lat' dir='ltr'><strong>Tristium</strong></span> <span class='ocrx_word' id='word_1_275' title='bbox 1505 1747 1688 1787; x_wconf 79' lang='lat' dir='ltr'><strong>colligitur,</strong></span> 
     </span>
     <span class='ocr_line' id='line_1_54' title="bbox 983 1798 1687 1840; baseline -0.001 -10"><span class='ocrx_word' id='word_1_276' title='bbox 983 1799 1103 1840; x_wconf 87' lang='lat' dir='ltr'><strong>quibus</strong></span> <span class='ocrx_word' id='word_1_277' title='bbox 1113 1804 1149 1830; x_wconf 90' lang='lat' dir='ltr'><strong>et</strong></span> <span class='ocrx_word' id='word_1_278' title='bbox 1157 1798 1325 1830; x_wconf 87' lang='lat' dir='ltr'><strong>fortunam</strong></span> <span class='ocrx_word' id='word_1_279' title='bbox 1336 1808 1469 1830; x_wconf 89' lang='lat' dir='ltr'><strong>reorum</strong></span> <span class='ocrx_word' id='word_1_280' title='bbox 1483 1802 1519 1830; x_wconf 89' lang='lat' dir='ltr'><strong>et</strong></span> <span class='ocrx_word' id='word_1_281' title='bbox 1535 1798 1687 1839; x_wconf 82' lang='lat' dir='ltr'><strong>privatas</strong></span> 
     </span>
     <span class='ocr_line' id='line_1_55' title="bbox 984 1848 1685 1881; baseline 0 -1"><span class='ocrx_word' id='word_1_282' title='bbox 984 1859 1038 1880; x_wconf 85' lang='lat' dir='ltr'><strong>res</strong></span> <span class='ocrx_word' id='word_1_283' title='bbox 1052 1850 1125 1881; x_wconf 88' lang='lat' dir='ltr'><strong>sine</strong></span> <span class='ocrx_word' id='word_1_284' title='bbox 1139 1849 1278 1881; x_wconf 84' lang='lat' dir='ltr'><strong>crimine</strong></span> <span class='ocrx_word' id='word_1_285' title='bbox 1291 1859 1355 1880; x_wconf 85' lang='lat' dir='ltr'><strong>ase</strong></span> <span class='ocrx_word' id='word_1_286' title='bbox 1368 1849 1569 1880; x_wconf 80' lang='lat' dir='ltr'><strong>constitutas</strong></span> <span class='ocrx_word' id='word_1_287' title='bbox 1581 1848 1685 1880; x_wconf 83' lang='lat' dir='ltr'><strong>fuisse</strong></span> 
     </span>
     <span class='ocr_line' id='line_1_56' title="bbox 984 1904 1144 1930; baseline 0 0"><span class='ocrx_word' id='word_1_288' title='bbox 984 1904 1144 1930; x_wconf 80' lang='lat' dir='ltr'><strong>testatur.</strong></span> 
     </span>
    </p>

    <p class='ocr_par' dir='ltr' id='par_1_34' title="bbox 984 1949 1685 2031">
     <span class='ocr_line' id='line_1_57' title="bbox 1026 1949 1685 1990; baseline -0.005 -9"><span class='ocrx_word' id='word_1_289' title='bbox 1026 1953 1089 1981; x_wconf 84' lang='grc'><strong>386</strong></span> <span class='ocrx_word' id='word_1_290' title='bbox 1106 1950 1218 1990; x_wconf 75' lang='lat' dir='ltr'><strong>Libra]</strong></span> <span class='ocrx_word' id='word_1_291' title='bbox 1240 1950 1325 1982; x_wconf 78' lang='lat' dir='ltr'><strong>Quae</strong></span> <span class='ocrx_word' id='word_1_292' title='bbox 1339 1952 1370 1980; x_wconf 85' lang='lat'><strong>6.</strong></span> <span class='ocrx_word' id='word_1_293' title='bbox 1393 1949 1476 1979; x_wconf 90' lang='lat' dir='ltr'><strong>Idus</strong></span> <span class='ocrx_word' id='word_1_294' title='bbox 1489 1957 1611 1979; x_wconf 87' lang='lat' dir='ltr'><strong>occasu</strong></span> <span class='ocrx_word' id='word_1_295' title='bbox 1624 1957 1685 1979; x_wconf 84' lang='lat' dir='ltr'><strong>suo</strong></span> 
     </span>
     <span class='ocr_line' id='line_1_58' title="bbox 984 1999 1253 2031; baseline 0 -1"><span class='ocrx_word' id='word_1_296' title='bbox 984 1999 1111 2031; x_wconf 88' lang='lat' dir='ltr'><strong>imbres</strong></span> <span class='ocrx_word' id='word_1_297' title='bbox 1128 2004 1253 2030; x_wconf 86' lang='lat' dir='ltr'><strong>movet.</strong></span> 
     </span>
    </p>

    <p class='ocr_par' dir='ltr' id='par_1_35' title="bbox 981 2046 1689 2589">
     <span class='ocr_line' id='line_1_59' title="bbox 1027 2046 1685 2088; baseline -0.003 -8"><span class='ocrx_word' id='word_1_298' title='bbox 1027 2052 1089 2081; x_wconf 80' lang='lat'><strong>388</strong></span> <span class='ocrx_word' id='word_1_299' title='bbox 1099 2049 1213 2088; x_wconf 75' lang='lat' dir='ltr'><strong>Orion]</strong></span> <span class='ocrx_word' id='word_1_300' title='bbox 1225 2049 1291 2079; x_wconf 86' lang='lat' dir='ltr'><strong>Hic</strong></span> <span class='ocrx_word' id='word_1_301' title='bbox 1305 2047 1442 2088; x_wconf 67' lang='lat' dir='ltr'><strong>ineignis</strong></span> <span class='ocrx_word' id='word_1_302' title='bbox 1453 2046 1518 2078; x_wconf 85' lang='lat' dir='ltr'><strong>fnit</strong></span> <span class='ocrx_word' id='word_1_303' title='bbox 1529 2051 1685 2088; x_wconf 86' lang='lat' dir='ltr'><strong>venator,</strong></span> 
     </span>
     <span class='ocr_line' id='line_1_60' title="bbox 983 2097 1685 2139; baseline 0 -9"><span class='ocrx_word' id='word_1_304' title='bbox 983 2099 1025 2130; x_wconf 87' lang='lat' dir='ltr'><strong>de</strong></span> <span class='ocrx_word' id='word_1_305' title='bbox 1042 2109 1108 2139; x_wconf 89' lang='lat' dir='ltr'><strong>quo</strong></span> <span class='ocrx_word' id='word_1_306' title='bbox 1124 2098 1244 2129; x_wconf 70' lang='lat' dir='ltr'><strong>Poe&#39;tae</strong></span> <span class='ocrx_word' id='word_1_307' title='bbox 1261 2097 1407 2138; x_wconf 82' lang='lat' dir='ltr'><strong>plurima</strong></span> <span class='ocrx_word' id='word_1_308' title='bbox 1420 2102 1524 2138; x_wconf 81' lang='lat' dir='ltr'><strong>atque</strong></span> <span class='ocrx_word' id='word_1_309' title='bbox 1541 2097 1685 2130; x_wconf 57' lang='lat' dir='ltr'><strong>diversa·</strong></span> 
     </span>
     <span class='ocr_line' id='line_1_61' title="bbox 982 2147 1685 2180; baseline 0.003 -2"><span class='ocrx_word' id='word_1_310' title='bbox 982 2148 1023 2179; x_wconf 91' lang='lat' dir='ltr'><strong>In</strong></span> <span class='ocrx_word' id='word_1_311' title='bbox 1060 2149 1182 2179; x_wconf 80' lang='lat' dir='ltr'><strong>coelum</strong></span> <span class='ocrx_word' id='word_1_312' title='bbox 1221 2148 1402 2179; x_wconf 87' lang='lat' dir='ltr'><strong>translatus</strong></span> <span class='ocrx_word' id='word_1_313' title='bbox 1443 2147 1685 2180; x_wconf 85' lang='lat' dir='ltr'><strong>lucidissimum</strong></span> 
     </span>
     <span class='ocr_line' id='line_1_62' title="bbox 983 2198 1685 2240; baseline 0 -11"><span class='ocrx_word' id='word_1_314' title='bbox 983 2198 1084 2238; x_wconf 82' lang='lat' dir='ltr'><strong>sidus,</strong></span> <span class='ocrx_word' id='word_1_315' title='bbox 1113 2198 1305 2229; x_wconf 87' lang='lat' dir='ltr'><strong>nimbosum</strong></span> <span class='ocrx_word' id='word_1_316' title='bbox 1330 2202 1457 2236; x_wconf 84' lang='lat' dir='ltr'><strong>tamen,</strong></span> <span class='ocrx_word' id='word_1_317' title='bbox 1481 2203 1558 2229; x_wconf 89' lang='lat' dir='ltr'><strong>ortu</strong></span> <span class='ocrx_word' id='word_1_318' title='bbox 1583 2203 1685 2240; x_wconf 83' lang='lat' dir='ltr'><strong>atque</strong></span> 
     </span>
     <span class='ocr_line' id='line_1_63' title="bbox 982 2248 1686 2288; baseline 0 -8"><span class='ocrx_word' id='word_1_319' title='bbox 982 2258 1105 2280; x_wconf 86' lang='lat' dir='ltr'><strong>occasu</strong></span> <span class='ocrx_word' id='word_1_320' title='bbox 1136 2259 1209 2288; x_wconf 87' lang='lat' dir='ltr'><strong>suo,</strong></span> <span class='ocrx_word' id='word_1_321' title='bbox 1236 2248 1424 2280; x_wconf 80' lang='lat' dir='ltr'><strong>constituit.</strong></span> <span class='ocrx_word' id='word_1_322' title='bbox 1480 2249 1535 2279; x_wconf 90' lang='lat' dir='ltr'><strong>De</strong></span> <span class='ocrx_word' id='word_1_323' title='bbox 1562 2258 1686 2280; x_wconf 86' lang='lat' dir='ltr'><strong>occasu</strong></span> 
     </span>
     <span class='ocr_line' id='line_1_64' title="bbox 981 2297 1689 2339; baseline 0 -10"><span class='ocrx_word' id='word_1_324' title='bbox 981 2303 1094 2330; x_wconf 86' lang='lat' dir='ltr'><strong>autem</strong></span> <span class='ocrx_word' id='word_1_325' title='bbox 1112 2298 1254 2329; x_wconf 66' lang='lat' dir='ltr'><strong>Helizrco</strong></span> <span class='ocrx_word' id='word_1_326' title='bbox 1277 2298 1331 2328; x_wconf 88' lang='lat' dir='ltr'><strong>hic</strong></span> <span class='ocrx_word' id='word_1_327' title='bbox 1356 2297 1479 2337; x_wconf 77' lang='lat' dir='ltr'><strong>agitur,</strong></span> <span class='ocrx_word' id='word_1_328' title='bbox 1500 2307 1600 2339; x_wconf 86' lang='lat' dir='ltr'><strong>quem</strong></span> <span class='ocrx_word' id='word_1_329' title='bbox 1619 2308 1689 2330; x_wconf 81' lang='lat' dir='ltr'><strong>non</strong></span> 
     </span>
     <span class='ocr_line' id='line_1_65' title="bbox 981 2347 1685 2388; baseline 0.001 -9"><span class='ocrx_word' id='word_1_330' title='bbox 981 2353 1108 2379; x_wconf 79' lang='lat' dir='ltr'><strong>temere</strong></span> <span class='ocrx_word' id='word_1_331' title='bbox 1134 2348 1175 2379; x_wconf 87' lang='lat' dir='ltr'><strong>ad</strong></span> <span class='ocrx_word' id='word_1_332' title='bbox 1194 2352 1223 2379; x_wconf 90' lang='lat'><strong>5.</strong></span> <span class='ocrx_word' id='word_1_333' title='bbox 1246 2352 1305 2378; x_wconf 88' lang='lat' dir='ltr'><strong>aut</strong></span> <span class='ocrx_word' id='word_1_334' title='bbox 1319 2350 1351 2379; x_wconf 85' lang='grc'><strong>4.</strong></span> <span class='ocrx_word' id='word_1_335' title='bbox 1382 2347 1463 2379; x_wconf 87' lang='lat' dir='ltr'><strong>Idus</strong></span> <span class='ocrx_word' id='word_1_336' title='bbox 1481 2358 1542 2388; x_wconf 91' lang='lat' dir='ltr'><strong>pro</strong></span> <span class='ocrx_word' id='word_1_337' title='bbox 1565 2348 1685 2380; x_wconf 84' lang='lat' dir='ltr'><strong>sideris</strong></span> 
     </span>
     <span class='ocr_line' id='line_1_66' title="bbox 981 2399 1687 2439; baseline 0.001 -9"><span class='ocrx_word' id='word_1_338' title='bbox 981 2399 1212 2439; x_wconf 72' lang='lat' dir='ltr'><strong>magnitudine</strong></span> <span class='ocrx_word' id='word_1_339' title='bbox 1239 2399 1408 2430; x_wconf 83' lang='lat' dir='ltr'><strong>retuleris.</strong></span> <span class='ocrx_word' id='word_1_340' title='bbox 1456 2399 1546 2431; x_wconf 85' lang='lat' dir='ltr'><strong>Quin</strong></span> <span class='ocrx_word' id='word_1_341' title='bbox 1570 2403 1606 2430; x_wconf 85' lang='lat' dir='ltr'><strong>et</strong></span> <span class='ocrx_word' id='word_1_342' title='bbox 1633 2409 1687 2431; x_wconf 61' lang='lat' dir='ltr'><strong>se·-</strong></span> 
     </span>
     <span class='ocr_line' id='line_1_67' title="bbox 981 2449 1686 2492; baseline -0.004 -11"><span class='ocrx_word' id='word_1_343' title='bbox 981 2450 1155 2492; x_wconf 86' lang='lat' dir='ltr'><strong>quentium</strong></span> <span class='ocrx_word' id='word_1_344' title='bbox 1173 2450 1315 2489; x_wconf 79' lang='lat' dir='ltr'><strong>dierum,</strong></span> <span class='ocrx_word' id='word_1_345' title='bbox 1329 2449 1356 2480; x_wconf 91' lang='lat' dir='ltr'><strong>si</strong></span> <span class='ocrx_word' id='word_1_346' title='bbox 1369 2454 1564 2480; x_wconf 89' lang='lat' dir='ltr'><strong>accuratam</strong></span> <span class='ocrx_word' id='word_1_347' title='bbox 1582 2450 1686 2481; x_wconf 83' lang='lat' dir='ltr'><strong>ratio.</strong></span> 
     </span>
     <span class='ocr_line' id='line_1_68' title="bbox 981 2499 1683 2540; baseline 0.003 -9"><span class='ocrx_word' id='word_1_348' title='bbox 981 2511 1057 2531; x_wconf 86' lang='lat' dir='ltr'><strong>nem</strong></span> <span class='ocrx_word' id='word_1_349' title='bbox 1074 2511 1114 2530; x_wconf 79' lang='lat' dir='ltr'><strong>ex</strong></span> <span class='ocrx_word' id='word_1_350' title='bbox 1132 2501 1274 2531; x_wconf 47' lang='lat' dir='ltr'><strong>wasonis</strong></span> <span class='ocrx_word' id='word_1_351' title='bbox 1286 2504 1400 2531; x_wconf 66' lang='lat' dir='ltr'><strong>mente</strong></span> <span class='ocrx_word' id='word_1_352' title='bbox 1413 2499 1586 2540; x_wconf 85' lang='lat' dir='ltr'><strong>habueris,</strong></span> <span class='ocrx_word' id='word_1_353' title='bbox 1599 2499 1683 2533; x_wconf 85' lang='lat' dir='ltr'><strong>ad3.</strong></span> 
     </span>
     <span class='ocr_line' id='line_1_69' title="bbox 982 2550 1601 2589; baseline 0 -7"><span class='ocrx_word' id='word_1_354' title='bbox 982 2551 1063 2582; x_wconf 75' lang='lat' dir='ltr'><strong>Idus</strong></span> <span class='ocrx_word' id='word_1_355' title='bbox 1082 2552 1220 2581; x_wconf 76' lang='lat' dir='ltr'><strong>Orionis</strong></span> <span class='ocrx_word' id='word_1_356' title='bbox 1236 2559 1387 2581; x_wconf 81' lang='lat' dir='ltr'><strong>occasum</strong></span> <span class='ocrx_word' id='word_1_357' title='bbox 1406 2550 1601 2589; x_wconf 76' lang='lat' dir='ltr'><strong>protuleris-</strong></span> 
     </span>
    </p>

    <p class='ocr_par' dir='ltr' id='par_1_36' title="bbox 982 2599 1683 2693">
     <span class='ocr_line' id='line_1_70' title="bbox 1023 2599 1683 2641; baseline 0.002 -8"><span class='ocrx_word' id='word_1_358' title='bbox 1023 2605 1086 2633; x_wconf 81' lang='lat'><strong>389</strong></span> <span class='ocrx_word' id='word_1_359' title='bbox 1112 2601 1276 2641; x_wconf 75' lang='lat' dir='ltr'><strong>Proxima]</strong></span> <span class='ocrx_word' id='word_1_360' title='bbox 1317 2599 1433 2630; x_wconf 85' lang='lat' dir='ltr'><strong>Pridie</strong></span> <span class='ocrx_word' id='word_1_361' title='bbox 1460 2599 1554 2639; x_wconf 74' lang='lat' dir='ltr'><strong>Idus,</strong></span> <span class='ocrx_word' id='word_1_362' title='bbox 1581 2605 1619 2633; x_wconf 87' lang='lat' dir='ltr'><strong>ut</strong></span> <span class='ocrx_word' id='word_1_363' title='bbox 1642 2611 1683 2633; x_wconf 81' lang='lat' dir='ltr'><strong>ex</strong></span> 
     </span>
     <span class='ocr_line' id='line_1_71' title="bbox 982 2649 1630 2693; baseline 0.002 -11"><span class='ocrx_word' id='word_1_364' title='bbox 982 2653 1152 2693; x_wconf 63' lang='lat' dir='ltr'><strong>sequentis</strong></span> <span class='ocrx_word' id='word_1_365' title='bbox 1168 2651 1234 2682; x_wconf 82' lang='lat' dir='ltr'><strong>diei</strong></span> <span class='ocrx_word' id='word_1_366' title='bbox 1253 2649 1469 2681; x_wconf 85' lang='lat' dir='ltr'><strong>enarratione</strong></span> <span class='ocrx_word' id='word_1_367' title='bbox 1485 2650 1630 2691; x_wconf 70' lang='lat' dir='ltr'><strong>patebit.</strong></span> 
     </span>
    </p>

    <p class='ocr_par' dir='ltr' id='par_1_37' title="bbox 1027 2702 1276 2743">
     <span class='ocr_line' id='line_1_72' title="bbox 1027 2702 1276 2743; baseline -0.004 -10"><span class='ocrx_word' id='word_1_368' title='bbox 1027 2703 1104 2743; x_wconf 79' lang='lat' dir='ltr'><strong>Eos]</strong></span> <span class='ocrx_word' id='word_1_369' title='bbox 1133 2702 1276 2733; x_wconf 77' lang='lat' dir='ltr'><strong>Aurora.</strong></span> 
     </span>
    </p>

    <p class='ocr_par' dir='ltr' id='par_1_38' title="bbox 982 2750 1687 2836">
     <span class='ocr_line' id='line_1_73' title="bbox 1024 2750 1687 2792; baseline -0.002 -8"><span class='ocrx_word' id='word_1_370' title='bbox 1024 2756 1086 2784; x_wconf 79' lang='lat'><strong>390</strong></span> <span class='ocrx_word' id='word_1_371' title='bbox 1112 2752 1254 2792; x_wconf 80' lang='lat' dir='ltr'><strong>Fugato]</strong></span> <span class='ocrx_word' id='word_1_372' title='bbox 1290 2751 1379 2784; x_wconf 85' lang='lat' dir='ltr'><strong>Quia</strong></span> <span class='ocrx_word' id='word_1_373' title='bbox 1395 2750 1479 2782; x_wconf 88' lang='lat' dir='ltr'><strong>Solis</strong></span> <span class='ocrx_word' id='word_1_374' title='bbox 1503 2750 1687 2792; x_wconf 70' lang='lat' dir='ltr'><strong>splendore</strong></span> 
     </span>
     <span class='ocr_line' id='line_1_74' title="bbox 982 2803 1405 2836; baseline -0.005 -1"><span class='ocrx_word' id='word_1_375' title='bbox 982 2804 1206 2836; x_wconf 68' lang='lat' dir='ltr'><strong>absorbentur</strong></span> <span class='ocrx_word' id='word_1_376' title='bbox 1223 2803 1286 2835; x_wconf 89' lang='lat' dir='ltr'><strong>alia</strong></span> <span class='ocrx_word' id='word_1_377' title='bbox 1305 2807 1405 2833; x_wconf 74' lang='lat' dir='ltr'><strong>astra.</strong></span> 
     </span>
    </p>
   </div>
  </div>
 </body>
</html>
