1773 3121
265 249 380 293 2026
750 260 790 292 P.
820 259 978 291 ovum
1013 257 1226 290 NASONIS

265 352 445 395 Annuit.
512 352 636 394 Unde
657 354 792 404 venit,
813 355 923 404 dixi,
945 368 1024 395 sua
1043 355 1241 395 membra
1262 352 1439 396 secandi

324 420 555 473 Impetus?
606 420 668 462 Ut
688 424 816 471 tacui,
840 423 981 463 Pieris
1002 435 1103 462 orsa
1122 422 1245 476 loqui
1263 436 1273 463 :

267 488 419 540 Phryx
440 501 547 540 puer
567 488 610 527 in
633 489 783 542 sylvis,
805 491 918 530 facie
938 489 1211 541 spectabilis,
1231 488 1364 538 Attis,

321 554 596 607 'turrigeram
618 560 741 596 casto
765 558 905 598 vinxit
926 569 1070 597 amore
1094 557 1251 597 Deam.

267 620 401 663 Hunc
423 623 506 662 sibi
527 624 690 663 servari
708 624 857 673 voluit,
880 638 959 665 sua
980 625 1140 677 templa
1163 624 1272 664 tueri
1291 637 1300 664 :
1636 619 1720 662 225

324 689 381 730 Et
400 690 527 739 dixit,
552 690 732 744 Semper
753 691 821 732 fac
839 705 947 744 puer
967 705 1063 732 esse
1084 692 1210 733 velis.

267 757 350 798 Ille
372 757 500 797 fidem
516 759 654 811 jussis
677 758 807 807 dedit,
831 762 889 807 et,
907 759 955 798 Si
975 759 1170 808 mentiar,
1192 758 1349 811 inquit,

323 823 504 872 Ultima,
527 837 659 876 quam
680 824 843 872 fallam,
866 824 923 863 sit
941 824 1095 864 Venus
1117 825 1196 864 illa
1215 824 1337 864 mihi.

268 889 402 931 Fallit
419 905 428 930 2
459 895 503 929 et
523 890 565 929 in
586 889 795 942 Nympha
818 889 1063 941 Sagaritide
1084 889 1246 929 desinit
1265 903 1375 939 esse,

326 956 460 1007 Quod
484 956 587 995 fuit:
618 955 717 995 huic
738 968 893 1008 poenas
915 956 1053 1007 exigit
1075 956 1140 996 ira
1163 946 1288 996 Deae.
1638 955 1723 996 230

268 1023 420 1065 Naida
437 1023 690 1064 vulneribus
707 1023 894 1063 succidit
914 1024 958 1063 in
980 1024 1132 1063 arbore
1151 1023 1298 1063 factis.

325 1091 409 1131 Illa
428 1091 561 1143 perit:
593 1091 735 1130 fatum
759 1090 936 1132 Naidos
960 1092 1090 1131 arbor
1111 1094 1213 1131 erat.

270 1157 360 1198 Hic
382 1157 509 1197 furit:
541 1160 596 1206 et,
620 1156 801 1196 credens
822 1158 1003 1198 thalami
1024 1159 1310 1211 procumbere
1329 1161 1505 1207 tectum,

325 1224 503 1275 Effugit,
527 1227 571 1263 et
592 1236 723 1263 cursu
746 1223 969 1276 Dindyma
989 1237 1155 1264 summa
1175 1225 1300 1277 petit.

267 1355 356 1386 Anne
371 1356 426 1386 illa
442 1354 582 1394 apposuit
597 1358 698 1385 turres
714 1355 838 1384 urbibus
863 1353 1037 1393 Phrygiis?
1084 1355 1172 1384 Nutu
1193 1354 1370 1395 affirmavit.
1420 1353 1518 1393 Unde,
1541 1353 1624 1393 dixi,
1638 1358 1725 1386 ortus

266 1402 313 1428 est
327 1398 422 1436 furor
438 1397 633 1426 abscindendi
645 1400 752 1435 partes
772 1395 867 1426 suas?
913 1397 1080 1435 Postquam
1095 1396 1184 1434 desii,
1202 1396 1305 1426 Pieris
1319 1395 1433 1434 occepit
1454 1396 1501 1426 ita
1516 1396 1616 1436 loqui:
1639 1397 1726 1428 Puer

267 1439 427 1479 Phrygius
443 1439 530 1468 vultu
553 1439 699 1476 egregius
717 1439 749 1468 in
765 1438 892 1468 excelsis
911 1438 1007 1477 sylvis
1028 1437 1178 1477 corripuit
1198 1438 1296 1468 Deam
1309 1438 1499 1475 turrigeram
1513 1441 1595 1468 casto
1610 1448 1723 1471 amore.

272 1482 370 1511 Voluit
396 1481 475 1511 hunc
490 1479 550 1510 sibi
565 1481 680 1520 seponi,
705 1481 857 1510 custodire
881 1489 936 1509 sua
951 1479 1077 1510 delubra
1088 1490 1099 1515 ;
1122 1483 1214 1519 alque
1239 1478 1335 1517 dixit,
1355 1479 1433 1509 Vide
1455 1483 1489 1509 ut
1504 1489 1592 1511 cures
1606 1490 1725 1520 semper

266 1533 329 1554 esse
345 1526 456 1554 castus.
501 1522 561 1552 Ille
573 1522 729 1562 pollicitus
744 1526 787 1553 est
803 1533 869 1563 quae
884 1522 1117 1563 imperabantur
1128 1533 1139 1559 ;
1162 1525 1254 1562 atque
1269 1522 1366 1560 dixit,
1383 1521 1418 1552 Si
1434 1522 1599 1562 imponam,
1615 1523 1669 1553 illa
1682 1523 1726 1554 sit

267 1564 342 1596 milii
363 1566 389 1595 V
387 1576 459 1596 enus
482 1565 647 1596 novissima
658 1575 747 1605 quum
756 1564 879 1603 sullam.
927 1565 1046 1601 Fallit;
1069 1568 1160 1604 atque
1174 1567 1272 1594 cessat
1285 1574 1347 1595 esse
1362 1565 1440 1603 quod
1451 1564 1518 1604 fuit
1533 1565 1567 1595 in
1582 1565 1727 1605 Nympha

267 1608 457 1647 Sagaritide.
503 1608 557 1638 Ira
583 1609 661 1638 Deoe
677 1608 789 1648 repetit
812 1618 917 1648 poenas
942 1608 979 1638 ab
995 1609 1067 1637 ista.
1117 1607 1277 1638 Rescindit
1305 1606 1438 1638 Naidem
1459 1607 1560 1647 plagis
1579 1607 1679 1646 factis
1693 1607 1727 1638 in

267 1651 384 1681 arbore.
432 1651 492 1681 Illa
508 1651 641 1681 occidit.-
664 1660 729 1680 sors
755 1651 869 1682 Naidis
897 1653 963 1681 erat
990 1651 1023 1680 in
1045 1649 1165 1680 arbore.
1212 1649 1276 1680 Hic
1301 1649 1332 1679 ἱη
1352 1649 1496 1687 furorem
1511 1653 1609 1690 actus,
1635 1653 1726 1690 atque

266 1696 352 1724 ratus
367 1696 481 1724 tectum
498 1693 626 1724 thalami
642 1702 743 1733 ruere,
769 1693 955 1733 prorumpit,
981 1696 1011 1723 et
1024 1692 1182 1732 percurrit
1198 1692 1230 1722 in
1246 1701 1387 1732 suprema
1407 1692 1578 1733 Dindyma.
1623 1692 1727 1733 Atque

878 1781 1111 1793 eeeeeeeeee

266 1835 361 1867 dedit
388 1835 505 1867 Heius.
534 1846 577 1866 ex
604 1836 718 1867 Ursin.
745 1840 780 1866 et
807 1845 870 1865 uno
900 1836 941 1867 V.
969 1846 1030 1876 pro
1061 1837 1149 1876 vulg.
1177 1835 1404 1876 primis.-—223
1428 1835 1596 1867 Scribitur
1622 1835 1725 1866 etiam

267 1879 395 1919 Attlzys,
412 1879 466 1909 vel
482 1878 573 1910 Atis:
596 1879 691 1909 Voss.
720 1878 803 1909 Cod.
831 1888 891 1918 pro
920 1888 989 1909 var.
1019 1879 1096 1909 lect.
1122 1879 1262 1909 exhibet
1283 1879 1384 1909 atris.-
1412 1879 1464 1909 Fr.
1482 1879 1616 1918 aleis‚at
1633 1886 1725 1908 corr.

266 1921 479 1952 Athis-224
509 1921 619 1952 Vinxit
649 1921 767 1951 Heius.
790 1920 885 1950 dedit
912 1930 953 1951 ex
983 1921 1094 1951 Ursin.
1121 1921 1202 1951 Pet.
1235 1921 1384 1960 Nanger.
1411 1926 1447 1951 et
1464 1921 1536 1950 aliis
1553 1930 1614 1959 pro
1632 1919 1723 1958 vulg.

260 1963 491 2000 jamia—225
515 1963 596 1995 Jun.
613 1964 716 2003 templ.
731 1963 851 1998 teueri‚·
875 1967 909 1993 et
927 1963 984 1992 alii
1001 1966 1225 1994 tenera—226
1249 1962 1347 1993 Alter
1363 1961 1557 1999 Bonumfac
1570 1971 1653 1993 meus
1668 1971 1724 1993 ess.

266 2008 370 2036 —227
396 2005 489 2035 Unus
507 2005 596 2035 Mor.
610 2005 674 2045 fid.
694 2005 799 2042 jussus
822 2006 997 2035 ἀρφ-228
1023 2005 1123 2040 Quam
1145 2014 1187 2035 ex
1215 2015 1264 2044 pr.
1294 2004 1335 2035 A.
1361 2003 1492 2035 Erfurt.
1519 2004 1574 2034 Fr.
1600 2008 1635 2034 et
1650 2004 1723 2035 aliis

269 2047 491 2086 quibusdam:
522 2047 627 2077 ceteri
652 2049 830 2086 qua—229
853 2047 1025 2077 Seu-ibitur
1053 2047 1154 2077 etiam
1185 2046 1384 2085 Sugaratide,
1416 2047 1469 2077 vel
1494 2045 1725 2085 Sangaride.--

267 2091 329 2119 230
353 2088 438 2118 an'c
467 2088 586 2119 Heius.
615 2089 790 2127 rescripsit
818 2098 859 2118 ex
885 2089 999 2120 Ursin.
1027 2099 1076 2128 pr.
1095 2088 1135 2118 A.
1154 2089 1241 2119 Maz.
1266 2093 1300 2119 et
1316 2089 1401 2128 aliis,
1416 2098 1477 2128 pro
1494 2090 1583 2128 vulg.
1599 2088 1726 2120 hinc.—

266 2133 329 2161 232
354 2131 406 2160 Fr.
425 2130 682 2161 Numana-233
707 2130 839 2160 Zulich.
857 2130 1011 2170 procumb.
1029 2134 1180 2169 tegnam5
1202 2135 1237 2161 et
1261 2131 1349 2161 Maz.
1369 2141 1443 2161 cum
1461 2141 1513 2171 pr.
1531 2131 1573 2161 A.
1587 2131 1674 2162 Laeti
1690 2135 1726 2161 et

269 2172 376 2203 tribus
392 2172 466 2203 aliis
479 2176 582 2209 tectam
605 2172 693 2203 unde
717 2172 835 2203 Heius.
850 2182 939 2203 corr.
956 2172 1166 2211 tigrim—234
1191 2173 1347 2205 Quatuor
1363 2173 1441 2204 libri
1456 2174 1501 2204 Et
1518 2173 1625 2213 fugit,
1641 2176 1726 2205 et.—-

928 2276 956 2306 N
965 2276 1066 2307 OTAE

311 2351 371 2379 221
398 2347 462 2378 Sua
478 2348 625 2388 membru]
651 2348 830 2387 Pudenda,
847 2350 918 2381 scil.
1025 2350 1184 2390 Plirygioe
1201 2348 1339 2380 flumine
1354 2349 1456 2380 finxit
1472 2349 1649 2381 Naiadem.

311 2401 373 2429 222
399 2399 518 2438 Pieris]
545 2399 647 2429 Erato
676 2399 787 2437 Musa,
810 2409 828 2429 a
854 2399 970 2430 Pierio
1068 2403 1131 2431 230
1157 2401 1245 2436 Quod
1255 2400 1341 2440 fuit]
1367 2400 1502 2438 Castus,
1525 2399 1597 2430 scil.
1613 2402 1649 2429 et
1666 2408 1725 2440 pu-

269 2450 397 2486 monte,
414 2453 472 2478 aut
488 2448 680 2479 Pieridibus
694 2449 831 2489 puellis:
857 2454 894 2480 ut
911 2459 970 2481 sae-
1026 2459 1092 2481 rus.

270 2497 346 2538 pius
364 2497 503 2528 dictum.
1067 2501 1128 2529 231
1143 2498 1183 2530 In
1192 2497 1314 2536 arbore]
1327 2496 1584 2536 Hamadryades
1597 2497 1725 2538 quippe

310 2550 373 2578 223
411 2547 520 2587 Phryx
545 2546 638 2586 puer]
674 2547 760 2587 Atys
790 2558 850 2579 seu
878 2547 971 2578 Attis
1025 2557 1100 2579 cum
1117 2547 1289 2578 arboribus
1313 2547 1409 2577 simul
1436 2551 1471 2577 et
1492 2554 1725 2581 nascunturet

271 2596 440 2636 Phrygius
457 2605 476 2626 a
492 2596 621 2636 Cybele
639 2597 736 2627 unice
753 2602 894 2628 amatus.
1024 2597 1209 2627 intereunt.

313 2649 376 2678 226
401 2646 498 2686 Puer]
523 2645 643 2676 Castus
670 2646 821 2687 adeoque
849 2650 883 2677 et
909 2655 968 2686 pu-
1066 2650 1127 2678 233
1155 2646 1262 2687 Furit]
1286 2647 1425 2689 Furore,
1452 2647 1523 2678 scil.
1539 2648 1649 2679 anea
1664 2648 1725 2680 im-

273 2706 341 2727 rus.
1023 2696 1135 2727 misso.

317 2747 378 2776 227
404 2743 513 2774 Fidem
528 2742 627 2783 dedit]
652 2744 798 2776 Juravit.
1065 2749 1127 2777 234
1153 2746 1329 2786 Dindyma]
1354 2746 1514 2786 Plirygiae
1531 2751 1663 2778 montes
1679 2748 1725 2779 al-

315 2795 380 2828 229
421 2791 617 2836 Sagaritide]
660 2792 760 2826 Hanc
798 2804 818 2826 a
853 2793 970 2837 Sagari
1026 2801 1092 2839 tos,
1116 2807 1136 2828 a
1160 2796 1281 2840 quibus
1306 2800 1342 2829 et
1364 2795 1493 2839 Cybele
1507 2796 1722 2842 Dindymene
1772 2786 1773 2850 Ξ

1770 2874 1771 2898 l
