1773 3121
589 235 850 267 FASTORUM
887 235 980 266 [ΑΒ.
1015 236 1069 266 11.

1444 229 1558 273 1927

111 330 275 385 Surgit,
295 330 364 373 cui
385 330 548 372 clarum
567 327 744 369 dederat
766 328 957 370 Collatia
975 342 1161 383 nomen3

171 397 276 440 Non
295 411 405 451 opus
424 398 490 437 est
509 394 670 444 verbiS‚
692 395 858 437 credite
879 397 1029 448 rebus,
1051 399 1125 440 ait.

112 464 220 506 Nox
240 468 458 518 superest:
490 461 699 503 tollamur
719 466 862 517 equis,
884 463 1135 519 Urbemque
1154 470 1373 520 petamus.

1470 466 1558 509 735

168 531 302 572 Dicta
319 531 512 584 placent:
543 529 694 571 fraenis
714 531 1005 585 impediuntur
1022 533 1135 585 equi.

111 597 384 639 Pertulerant
403 597 618 639 dominos.

680 598 870 652 Regalia
886 600 1087 653 protinus
1107 600 1175 641 illi

163 663 305 705 Tecta
324 669 504 722 petunt:
535 668 684 707 custos
704 666 748 706 in
768 667 861 708 fore
882 667 1030 708 nullus
1051 671 1157 710 erat.

106 729 225 771 Ecce
244 743 397 772 nurum
419 730 557 785 Regis
576 731 689 773 fusis
709 746 789 787 per
809 734 924 776 colla
943 734 1120 776 coronis

162 795 399 839 Inveniunt
417 799 564 852 posito
585 799 847 853 pervigilare
864 813 999 843 moro.

105 861 217 905 Inde
238 865 325 906 cito
346 878 483 918 passu
502 867 668 920 petitur
685 867 908 910 Lucretia.

1472 803 1559 844 740

969 868 1119 910 Nebat
1134 882 1144 911 :

159 929 277 973 Ante
299 936 438 973 torum
458 934 634 985 calathi,
654 934 840 989 lanaque
859 936 1020 987 mollis,
1041 939 1179 978 erant.

103 996 272 1039 Lumen
290 999 344 1040 ad
372 1001 582 1053 exiguum
601 1001 776 1045 samulae
797 1003 902 1045 data
920 1017 1060 1058 pensa
1077 1003 1330 1050 trahebant:

160 1065 280 1109 Inter
299 1079 410 1120 quas
431 1069 550 1109 tenui
570 1069 636 1111 sic
657 1071 722 1111 ait
741 1071 844 1125 ipsa
862 1084 971 1113 sono
990 1083 1000 1111 :

100 1207 145 1237 tia
161 1206 345 1247 imposuerat
364 1208 486 1238 illustre
509 1218 616 1238 nomen
639 1209 757 1248 surgit,
785 1212 890 1249 atque
910 1207 1027 1248 inquit,
1050 1208 1124 1239 Non
1145 1216 1220 1247 opus
1245 1210 1292 1239 est
1311 1207 1443 1250 υοείἶηιε,
1455 1208 1557 1250 fidem

100 1248 208 1280 habete
222 1250 320 1281 rebus.
365 1250 440 1280 Nox
466 1252 584 1281 restat:
613 1252 846 1282 conscendamus
873 1260 976 1291 equos,
996 1253 1028 1281 et
1043 1251 1205 1281 tendamus
1223 1250 1257 1280 in
1285 1250 1410 1282 Urbem.
1454 1252 1558 1284 Dicta

95 1290 294 1331 probantur,-
315 1291 489 1323 immittunt
504 1292 636 1323 habenas
646 1293 741 1333 equis.
786 1293 987 1325 Per-tulerunt
1008 1293 1156 1324 dominos.
1203 1292 1356 1324 Continuo
1378 1293 1427 1324 illi
1443 1293 1557 1332 jerun-

100 1336 153 1364 tur
166 1335 207 1364 ad
221 1334 325 1365 domos
338 1334 441 1373 regias
451 1345 461 1365 .-
484 1335 585 1366 nullus
597 1338 663 1366 erat
678 1338 777 1367 custos
792 1337 832 1367 od
837 1336 978 1375 januam.
1025 1336 1105 1367 Ecce
1126 1335 1288 1366 inveniunt
1317 1345 1430 1367 nurum
1457 1336 1557 1376 Regis

93 1376 286 1416 pervigilare
307 1376 376 1408 eino
399 1377 548 1418 apposito,
573 1377 667 1408 sertis
687 1379 806 1418 sparsis
825 1388 881 1419 per
903 1379 992 1410 colla.
1038 1379 1117 1410 Inde
1137 1378 1287 1409 Lucretia
1300 1378 1448 1409 invisitur
1461 1380 1558 1411 veloci

96 1419 217 1457 gradu:
230 1419 294 1461 fila
321 1420 475 1451 trahebat.
521 1420 656 1455 Quonim
671 1425 701 1452 et
717 1422 789 1453 lano
815 1422 914 1452 mollis
935 1423 1024 1452 erant
1048 1423 1121 1451 ante
1141 1421 1262 1451 lectum.
1306 1421 1467 1452 Ministro:
1488 1432 1558 1452 car-

95 1460 210 1500 pebane
223 1471 319 1502 pensa
333 1463 407 1493 dota
421 1463 460 1493 ad
475 1466 596 1494 tenuem
610 1463 764 1494 lucernam
775 1475 788 1501 ;
809 1464 895 1495 inter
907 1473 983 1504 quas
996 1463 1065 1504 ipsa
1083 1463 1130 1493 sic
1144 1462 1280 1503 loquitur
1298 1472 1370 1493 voce
1383 1463 1533 1496 submisso
1546 1475 1557 1496 .·

701 1542 937 1555 ‘remoue

98 1589 188 1621 Μαι.
204 1589 333 1621 zalich.
362 1589 460 1621 Voss.
484 1589 617 1621 Arund.
645 1593 681 1621 et
705 1594 784 1621 octo
811 1590 883 1621 aliis
909 1599 952 1621 ex
978 1589 1269 1631 praestantioribus
1298 1590 1412 1630 placet
1436 1590 1555 1626 Heius.

100 1642 170 1673 prae
188 1632 511 1673 vulg.servet.—733
536 1632 656 1663 Heins.
674 1632 795 1663 suadet
819 1632 962 1671 Sur-gite,
977 1634 1038 1664 cni.
1083 1632 1216 1663 Deinde
1235 1632 1290 1663 Fr.
1306 1633 1354 1663 cni
1369 1633 1464 1664 dedat
1478 1634 1557 1666 clar.

99 1677 205 1707 -737
228 1674 268 1706 P.
286 1675 489 1706 Protuleront
504 1675 584 1705 dom.
602 1679 636 1705 et
653 1684 714 1714 pro
729 1675 878 1711 dominos,
895 1675 984 1706 Maz.
999 1681 1035 1706 et
1050 1675 1147 1706 Voss.
1161 1677 1396 1706 montem—739
1411 1676 1555 1709 Plurimi

98 1717 217 1758 scripti
233 1718 298 1749 coll.
314 1717 456 1758 capillis,·
479 1717 541 1748 Be.
559 1718 796 1748 catenis—740
820 1718 977 1750 Quatuor
999 1717 1074 1748 libri
1098 1717 1165 1748 Inv.
1192 1719 1286 1748 multo
1299 1727 1385 1758 perv.
1402 1724 1438 1750 et
1453 1719 1554 1751 Voss.

96 1760 414 1801 prevignum—⁷41
442 1760 543 1790 Nelea!
561 1760 680 1791 Heius.
696 1759 828 1800 profert
841 1769 882 1790 ex
897 1760 987 1791 Maz.
1013 1759 1144 1791 Zulich.
1160 1759 1289 1791 duobus
1306 1761 1344 1792 F.
1361 1770 1428 1792 uno
1456 1761 1554 1794 Med.

99 1808 135 1834 et
151 1803 247 1834 voss.
263 1812 324 1843 pro
339 1812 408 1833 var.
421 1801 501 1833 lect.
516 1802 573 1832 alii
591 1802 716 1833 liabent
731 1801 838 1840 Clv'floei
863 1802 937 1833 scil.
968 1802 1115 1833 Lucretia
1128 1813 1141 1839 ,·
1163 1803 1249 1841 cujus
1272 1803 1356 1834 Ante
1377 1806 1436 1834 tor.
1455 1805 1554 1844 &m—

98 1847 161 1877 742
185 1846 287 1877 Erant
312 1855 354 1877 ex
382 1854 440 1876 sex
463 1844 621 1885 scriptis;
648 1845 740 1885 vulg.
764 1847 952 1876 eran—744
978 1845 1098 1876 Heins.
1119 1846 1297 1887 rescripsit
1319 1846 1387 1887 ipsa
1403 1855 1447 1878 ex
1462 1846 1556 1880 Μαι.

757 1935 897 1967 NOTAE

139 2005 256 2048 Pigro]
278 2006 398 2038 Lento.

137 2058 201 2088 729
229 2056 342 2097 Tem]
366 2056 435 2089 Pro
450 2066 569 2089 uxore.

137 2108 200 2138 731
224 2106 363 2148 Studiis]
385 2107 425 2139 In
442 2107 620 2140 laudandis
634 2107 700 2140 suis
715 2116 796 2140 uxo·

95 2156 198 2190 ribus.

136 2211 200 2241 733
225 2210 286 2242 Cui
301 2210 433 2251 clarum]
455 2211 674 2253 Tarquinium
699 2209 796 2253 dicit,

96 2258 255 2292 Collatini
272 2261 386 2301 Egerii
409 2261 525 2302 fllium,
540 2261 596 2293 cui
609 2262 796 2302 Dionysius

95 2317 139 2340 ex
151 2311 258 2342 multa
274 2311 306 2341 in
321 2312 402 2342 urbe
415 2312 574 2349 Collatia,
591 2322 667 2353 quae
685 2322 794 2352 prope

97 2359 235 2392 Romam
266 2360 344 2400 fuit,
380 2362 642 2393 commoratione
673 2372 795 2394 nomen

95 2409 212 2443 datum
236 2412 365 2443 scribit.
409 2414 607 2453 Quanquam
633 2422 675 2443 ex
695 2412 796 2444 bene-

96 2459 181 2493 flciis
208 2462 241 2493 in
265 2472 339 2493 eam
371 2463 487 2494 urbem
507 2463 640 2494 collatis
663 2463 797 2504 imposi-

98 2513 168 2541 tum
192 2513 311 2551 magia,
339 2513 427 2553 quod
458 2513 585 2544 clarum
620 2517 712 2544 esset
740 2522 797 2544 no-

97 2566 184 2600 men,
199 2561 412 2594 crediderim.

140 2611 202 2642 ‘1⁸4
227 2612 344 2653 Rebus]
388 2613 569 2655 Postquam
603 2613 644 2645 ad
677 2623 797 2645 uxores

101 2659 269 2691 venerius.

142 2708 206 2739 7³⁶
229 2709 340 2750 Dicta]
367 2713 538 2744 Collatini.

143 2758 206 2787 ⁷³7
232 2757 443 2802 Per-tulerant]
466 2762 555 2794 Vide
570 2763 687 2794 horum
698 2763 796 2804 juve·

103 2816 182 2838 num
198 2810 235 2837 ut
252 2807 344 2840 Nuo
359 2809 520 2851 impetum
537 2816 708 2853 sequntur.

893 2009 956 2038 738
980 2005 1115 2046 Insere]
1133 2005 1188 2037 Ad
1205 2005 1310 2037 fores.
1335 2005 1451 2048 Atque
1466 2005 1554 2040 adeo

849 2058 893 2090 ad
904 2058 1122 2100 ignominiam
1132 2068 1274 2090 nuruum
1284 2058 1453 2100 regiarum
1463 2058 1556 2092 istud

848 2114 996 2150 spectat.
1399 2137 1402 2139 Α

891 2162 956 2191 739
980 2160 1120 2201 Nurum]
1154 2159 1164 2176 ‘
1183 2160 1306 2191 Nurus’
1331 2159 1472 2200 scripsit
1501 2159 1555 2191 Li·

848 2211 934 2252 vius,
949 2212 1005 2253 qui
1023 2217 1135 2243 tamen
1151 2210 1193 2242 de
1215 2211 1305 2250 vino,
1331 2210 1429 2251 cujus
1452 2214 1554 2251 potus

849 2271 893 2294 ex
910 2261 1046 2293 Romuli
1077 2262 1151 2302 lege
1177 2270 1280 2301 grave
1306 2260 1434 2292 crimen
1457 2260 1554 2291 sexui

849 2312 1020 2351 mullebri,
1032 2312 1113 2343 nihil
1125 2312 1219 2342 dicit.
1237 2310 1277 2341 ln
1290 2310 1446 2342 convivio
1458 2309 1554 2341 luxu-

850 2373 916 2405 que
932 2372 1008 2394 cum
1033 2361 1220 2403 aequalibus
1245 2366 1378 2400 tempus
1399 2364 1552 2392 terentes

850 2414 1004 2444 inventas
1020 2411 1124 2443 fuisse
1144 2416 1288 2442 testatur
1305 2414 1447 2441 tantum.

896 2462 1003 2503 fusis]
1027 2463 1112 2494 Qnae
1130 2460 1324 2493 vinolentiae
1339 2463 1422 2492 nota
1437 2464 1552 2492 tamen

852 2513 941 2555 apud
959 2512 1128 2553 antiquos.

893 2564 952 2593 741
979 2560 1142 2601 Lucretia]
1158 2562 1244 2594 Quae
1269 2560 1431 2592 Collatini
1456 2568 1555 2599 uxor,

850 2613 1029 2653 Spuriique
1054 2611 1205 2644 Lucretii
1231 2610 1436 2651 Tricipitini,
1458 2608 1552 2639 nobi·

850 2663 965 2694 {issimi
995 2663 1077 2694 civis
1104 2662 1258 2700 Romani,
1286 2660 1368 2697 suia,
1394 2657 1550 2689 Collatia

851 2713 1012 2754 degebat.

890 2767 953 2795 74³
982 2762 1086 2802 Data]
1136 2762 1166 2792 Λ
1184 2759 1364 2791 Lucretia:
1405 2768 1550 2802 namque

849 2813 910 2843 hoc
927 2811 1173 2844 matrifamilias
1190 2808 1419 2841 incumbebat,
