1773 3121
572 215 819 246 'rurs‘rmm
852 216 949 246 Lm.
983 217 1016 246 1.
1046 207 1089 248 3.
1440 209 1554 252 2217

99 308 231 350 Hanc
251 321 332 362 ego
354 308 617 363 suspiciens,
637 313 682 350 et
700 310 755 349 ab
775 309 856 349 hac
883 308 1103 363 Capitolia
1124 324 1322 362 cernenS,

155 375 269 426 Quae
289 382 442 417 nostro
462 375 615 417 frustra
631 376 786 430 juncta
806 376 922 418 suere
945 379 1046 419 Lari
1064 393 1074 430 3

98 442 296 484 Numina
317 445 472 484 vicinis
488 444 732 486 habitantia
749 445 944 495 sedibus,
965 447 1158 500 inquam,

151 509 342 565 Jamque
364 513 501 553 oculis
521 526 739 566 nunquam
758 513 922 566 templa
943 514 1130 555 videnda
1149 515 1272 565 meis,

95 575 242 630 Dique
262 579 548 633 relinquendi,
570 593 683 633 quos
711 579 823 621 Urbs
843 581 971 622 habet
990 582 1076 622 alta
1097 580 1274 630 Quirini
1292 594 1303 633 3

152 644 258 686 Este
280 648 456 688 salutati
477 653 646 700 tempus
674 649 713 686 in
733 661 858 687 omne
878 649 995 689 mihi.

93 710 153 751 Et
172 724 424 765 quanquam
444 726 543 753 sero
564 713 767 767 clypeum
791 719 895 766 post
915 715 1092 755 vulnera
1111 726 1265 764 sumo3

149 777 356 820 Attamen
376 780 488 821 hanc
510 780 621 821 odiis
640 787 877 822 exonerate
898 781 1070 833 sugam;

93 843 361 900 Coelestique
379 848 490 897 viro,
512 849 611 902 quis
630 861 699 888 me
721 848 944 902 deceperit
964 861 1092 898 error,

148 911 322 964 Dicite;
354 928 433 967 pro
453 916 588 968 culpa
608 929 660 956 ne
680 916 823 956 scelus
844 929 943 956 esse
964 919 1099 969 putet.

90 978 168 1028 Ut,
190 981 306 1034 quod
328 995 410 1022 vos
433 983 575 1032 scitis,
598 997 742 1037 poenae
766 997 942 1038 quoque
964 983 1130 1025 sentiat
1148 986 1311 1024 auctor.

147 1045 332 1089 Placato
354 1063 536 1102 possum
557 1064 644 1091 non
663 1052 796 1092 miser
815 1065 916 1092 esse
933 1051 1046 1092 Deo.

1494 380 1551 422 30

1494 716 1552 758 35

1492 1051 1550 1093 40

85 1155 226 1188 sublimis
239 1158 383 1197 agitabat
397 1169 488 1199 equos
502 1165 675 1191 nocturnos.
727 1162 792 1200 Ego
804 1162 882 1192 hanc
893 1161 1075 1201 suspiciens,
1089 1164 1119 1191 et
1135 1160 1172 1190 ab
1184 1160 1241 1190 Ιιαε
1256 1160 1362 1190 cidens
1379 1159 1550 1202 Capitolio,

85 1208 155 1238 quoe
170 1200 370 1240 nequicquam
384 1206 473 1232 eram
494 1204 638 1241 proxima
653 1205 768 1233 nostris
785 1204 978 1238 Penatibus,·
1002 1203 1072 1239 Dii,
1099 1203 1236 1241 inquam,
1263 1205 1419 1232 manentes
1434 1203 1467 1232 in
1483 1204 1550 1234 aede

83 1241 198 1281 vicina,
212 1245 243 1272 ee
265 1243 378 1282 templa
393 1243 462 1280 jam
480 1253 635 1283 nunquam
649 1245 861 1284 conspicienda
876 1244 972 1275 oculis
987 1244 1072 1282 meis,
1083 1244 1269 1283 viumiuuque
1285 1245 1465 1282 deserenda,
1478 1254 1548 1284 quoe

89 1283 171 1314 Urbs
184 1283 304 1315 excelsa
327 1284 456 1320 Quirini
481 1286 585 1324 habet,
608 1290 705 1316 estote
718 1287 878 1316 salutatm
870 1296 888 1315 ιι
903 1295 950 1315 me
966 1286 998 1315 in
1012 1295 1099 1315 omne
1114 1295 1222 1316 oenum.
1271 1285 1314 1316 Et
1330 1287 1469 1325 quamvis
1481 1295 1549 1318 sero

83 1325 173 1365 capio
191 1336 336 1366 parmam
356 1330 424 1367 post
450 1328 571 1376 pingue,
593 1328 791 1359 nihilominus
815 1327 962 1358 absolvite
987 1327 1042 1358 hoc
1065 1327 1196 1358 exilium
1211 1327 1303 1365 odiis,
1319 1331 1348 1358 et
1364 1328 1459 1358 dicite
1479 1329 1546 1360 viro

83 1367 201 1408 ‹lit-ino,
216 1369 286 1409 quis
307 1379 395 1400 error
416 1370 492 1400 milti
516 1370 720 1409 imposuerim
740 1381 779 1402 ne
794 1370 967 1401 arbitretur
981 1369 1151 1410 flagitium
1165 1378 1228 1400 esse
1250 1379 1307 1409 pro
1330 1369 1549 1403 aberratione.-

84 1413 131 1450 αἱ,
147 1414 225 1451 quod
240 1421 291 1443 eos
305 1413 501 1453 cognoscitis,
515 1417 623 1444 auctor
638 1413 704 1445 mei
717 1413 861 1454 supplicii
875 1415 1037 1453 cognoscat
1051 1413 1158 1444 etiam.
1204 1412 1337 1443 Possum
1352 1421 1415 1443 esse
1429 1422 1489 1444 non
1500 1412 1548 1445 in·

701 1484 935 1496 eeeeeeeeeeee

84 1536 146 1568 pro
159 1537 275 1567 parvo.-
298 1528 361 1559 Be.
385 1528 481 1559 Leid.
499 1533 534 1560 et
551 1529 650 1560 multi
668 1529 725 1560 alii
741 1530 794 1559 lic.
809 1529 842 1559 in
857 1529 966 1568 parvis
986 1529 1116 1569 exempl.
1160 1528 1202 1560 P.
1222 1529 1335 1560 alter·
1324 1539 1357 1560 m
1380 1539 1549 1569 parvos.—

83 1572 126 1602 29
148 1571 194 1602 Be
220 1570 259 1601 ab
284 1570 342 1601 Ιιιιι·
362 1580 491 1611 repone
515 1581 591 1603 cum
617 1571 788 1612 plerisque
806 1571 974 1612 antiquis,
996 1571 1061 1603 hoc
1086 1575 1153 1610 est,
1177 1577 1357 1612 postquam
1382 1573 1468 1604 hane
1494 1583 1547 1605 as-

83 1613 186 1654 pexi:
222 1613 272 1645 sic
297 1611 498 1655 frequenter
535 1615 626 1655 loqui
653 1619 744 1645 amat
776 1614 917 1645 Noster.
940 1613 1052 1645 Heius.
1098 1614 1143 1644 Et
1167 1614 1207 1644 ad
1233 1614 1298 1644 Ιιιιτ
1328 1613 1393 1645 Ed.
1409 1615 1545 1655 Mycin.

82 1655 245 1688 vincent.
259 1655 445 1698 hoecetca.
461 1657 539 1689 Pol.
555 1657 642 1688 alter
658 1657 698 1688 P.
712 1661 748 1688 et
763 1656 829 1687 duo
845 1656 912 1688 alii.
928 1659 959 1687 et
973 1658 1013 1687 ad
1027 1657 1106 1687 hanc
1121 1656 1197 1687 Pol.
1212 1666 1263 1697 pr.
1279 1657 1388 1688 Servii
1403 1661 1439 1689 et
1451 1661 1544 1690 tres.

83 1699 192 1730 ceteri
216 1707 294 1731 cum
319 1700 468 1741 vulgatis
498 1703 529 1732 et
559 1700 754 1731 adona—33
780 1699 883 1731 Barb.
907 1700 954 1731 Di
982 1709 1096 1740 quoque
1122 1700 1289 1739 linquendi.
1334 1700 1418 1731 Tum
1450 1699 1546 1733 Leid.

83 1751 158 1782 quon
175 1741 218 1773 U.
234 1745 318 1774 tenet
327 1743 472 1775 alt—34
496 1743 585 1775 Mor.
601 1748 636 1774 et
659 1743 726 1774 duo
743 1752 822 1774 omn.
838 1751 960 1780 meum‚·
983 1747 1018 1774 et
1044 1743 1189 1784 quinque
1205 1742 1361 1773 mei.—35
1387 1742 1546 1784 Quinque

82 1784 202 1825 scripti
218 1794 295 1817 cum
312 1795 362 1826 pr.
379 1786 442 1818 Ed.
465 1785 657 1827 postfutura
671 1787 835 1817 sum—37
852 1785 1039 1826 Gottorph.
1055 1785 1108 1826 qui
1124 1794 1186 1825 pro
1201 1785 1378 1825 quia—39.
1394 1788 1437 1817 40
1455 1784 1546 1820 Quod

81 1827 236 1859 maim
251 1837 292 1860 ex
311 1828 481 1870 plerisque
499 1835 583 1861 vett.
611 1829 730 1860 Heius.
759 1828 893 1869 recepit
920 1837 982 1869 pro
1007 1829 1098 1868 vulg.
1119 1838 1186 1868 quae
1200 1828 1348 1864 semitis,-
1371 1827 1456 1859 etin
1473 1837 1546 1870 seq.

82 1878 131 1902 vo.
165 1880 288 1911 pomum
317 1881 377 1912 pro
414 1872 541 1912 possim.
598 1871 794 1910 Legeudum
820 1870 968 1902 fortasse
995 1871 1118 1903 Heius.
1157 1875 1269 1911 putat,
1299 1851 1356 1909 Ul,
1386 1870 1466 1911 quod
1495 1879 1546 1902 coe

82 1912 182 1961 scitis,
201 1923 233 1953 p.
255 1924 347 1954 quoq.
369 1915 489 1945 sisciae
504 1917 625 1953 auctor,
641 1914 684 1945 P.
698 1914 860 1954 passima.
875 1924 916 1945 m.
934 1923 960 1946 e.
984 1913 1031 1945 D.
1075 1913 1116 1945 In
1132 1914 1187 1945 Fr.
1212 1918 1288 1945 erat
1308 1893 1409 1954 Ut’que
1435 1923 1471 1944 ea
1494 1922 1547 1944 vos

81 1954 169 1987 scitu
188 1965 288 1996 poenae
312 1967 399 1998 quoq.
421 1958 538 1988 sentiat
564 1968 595 1988 ιι.
611 1957 701 1988 unde
728 1957 845 1988 Burm.
860 1957 950 1997 conj.
980 1957 1052 2005 {nq-
1068 1966 1105 1987 ea
1130 1966 1182 1988 vos
1207 1956 1307 1995 scitis,
1328 1966 1426 1996 poenoe
1440 1964 1546 1988 nene-

80 1999 159 2029 mat
186 2009 215 2030 ιι.
262 1999 384 2031 Heius.
412 2000 619 2041 ascripserat
641 2000 742 2032 etiam
779 2000 879 2030 aliam
913 1999 1160 2040 conjecturam,
1189 1999 1234 2031 Ut
1263 2000 1344 2040 quod
1372 2008 1424 2030 vos
1448 1998 1545 2038 scitia,

744 2072 884 2105 NOTAE

125 2132 168 2161 29
192 2128 365 2171 Capitolia]
408 2130 449 2161 In
473 2131 642 2172 Capitolio
668 2136 785 2162 monte

82 2179 247 2222 templum
263 2179 331 2212 fuit
343 2180 422 2213 Jovi
438 2180 600 2214 dicatum.

125 2234 168 2263 80
183 2231 333 2273 Frustra]
348 2233 438 2266 Quia
451 2235 563 2264 tutum
581 2232 624 2263 ab
640 2231 787 2272 Augusti

79 2281 133 2313 ira
149 2291 216 2313 non
237 2282 485 2322 praestiterant.
531 2282 631 2316 Quod
647 2281 786 2324 quidem

81 2331 187 2373 impie
203 2332 293 2364 dixit
310 2333 413 2365 Naso.

124 2381 218 2423 lari]
258 2383 392 2415 Domui.
452 2383 508 2414 De
533 2382 676 2415 Laribus
713 2382 786 2414 Diis

82 2442 186 2475 snpra
199 2433 342 2465 Metam.
361 2442 422 2466 xv.
441 2433 498 2465 ubi
522 2433 611 2465 vide.
655 2432 785 2465 Indicis

83 2484 290 2527 compendio
306 2484 388 2516 nihil
405 2484 549 2517 facilius.

123 2537 162 2567 ⁸1
191 2534 346 2575 Numina]
362 2535 453 2567 Deos
466 2535 661 2576 compellat,
677 2534 735 2577 qui
751 2534 786 2566 in

83 2584 258 2626 Capitolio
279 2585 498 2617 colebantur:
523 2585 566 2616 ad
583 2594 666 2627 quos
681 2584 784 2616 etiam

85 2634 292 2666 Manliusliis
303 2634 418 2666 verbis
430 2643 473 2666 ex
483 2635 601 2667 Livio:
625 2635 635 2652 ⁴
644 2634 784 2676 Jupiter

82 2684 212 2725 optime
237 2684 396 2723 maxime,
418 2683 576 2726 Junoqne
601 2684 729 2726 regina,
746 2693 785 2715 ac

85 2736 256 2776 Minerva,
269 2734 445 2777 ceterique
462 2735 532 2776 Dii,
548 2735 713 2778 Deaeque,
728 2735 786 2776 qui

85 2786 295 2828 Capitolium
312 2794 495 2827 arcemque
510 2784 682 2826 incolitir,'
697 2787 762 2817 &c-

882 2134 922 2163 3³
948 2131 1092 2171 Quirina]
1123 2131 1271 2170 Romuli,
1287 2130 1343 2162 cui
1360 2133 1437 2170 post
1450 2140 1544 2163 suam

838 2181 1130 2213 consecrationem
1143 2179 1226 2211 illud
1245 2179 1362 2210 datum
1374 2188 1509 2210 nomen.

881 2232 921 2261 85
953 2228 1118 2269 clypeum]
1163 2228 1312 2258 Deorum
1344 2227 1544 2267 praenidium

839 2278 925 2310 istoc
939 2278 1092 2318 appellat
1108 2277 1254 2307 nomine.
1301 2275 1402 2309 Quod
1413 2277 1543 2310 utinam

839 2328 938 2360 multi
952 2328 1038 2359 aerio
1055 2327 1322 2368 perpenderent.

881 2381 924 2411 86
949 2378 1056 2419 Odiis]
1088 2378 1141 2410 Ne
1158 2387 1211 2409 me
1229 2378 1345 2409 Caesar
1368 2376 1445 2409 odio
1467 2387 1543 2419 per-

839 2433 1011 2472 sequntur.

882 2483 923 2512 3¹1
963 2478 1105 2520 Coelesti]
1148 2478 1319 2520 Augusto,
1357 2477 1415 2520 qni
1447 2477 1542 2510 vivus

839 2531 944 2562 etium
959 2531 993 2562 in
1008 2530 1082 2562 Diis
1095 2529 1240 2562 habitus.

881 2584 923 2613 38
947 2580 1063 2622 Culpa]
1089 2579 1276 2612 Contendit
1301 2578 1394 2610 Naso
1418 2586 1454 2608 se
1479 2586 1542 2618 per

837 2631 1118 2674 imprudentiam,
1133 2640 1199 2662 non
1214 2629 1304 2662 malt
1317 2632 1444 2669 mente,
1459 2636 1537 2669 pec-

837 2691 943 2715 cnse.

878 2736 922 2766 40
946 2732 1028 2774 Deo]
1060 2733 1225 2773 Augusto.
