1773 3121
444 239 917 272 METAMORPHOSEON
952 240 1049 271 Lis.
1082 241 1167 272 xv.
1415 230 1527 273 1781

77 336 365 392 Emathiaque
384 339 539 380 iterum
558 335 792 376 madefacti
814 335 937 377 caede
960 335 1184 389 Philippi:

76 403 135 445 Et
158 405 369 458 Magnum
387 403 550 444 Siculis
570 415 726 443 nomen
745 403 1027 456 superabitur
1047 403 1177 444 undis
1194 417 1203 444 :

77 471 352 525 Romanique
372 471 498 512 ducis
519 470 683 524 conjux
704 470 928 524 AEgyptia,
950 471 1084 511 taedae

76 537 179 578 Non
199 535 308 578 bene
330 537 426 587 fisa,
445 537 594 578 cadet:
623 536 870 590 frustraque
889 538 971 579 erit
984 538 1061 579 illa
1080 538 1257 588 minata,

75 604 294 646 Servitura
313 617 396 645 suo
416 603 641 658 Capitolia
658 608 805 645 nostra
828 602 1027 658 Canopo.

73 670 195 721 Quid
215 671 295 712 tibi
315 671 583 722 Barbariem,
605 675 753 725 gentes
775 672 830 712 ab
851 676 1032 725 utroque
1046 673 1248 727 jacentes

1442 403 1530 469 825

70 793 199 832 itemque
231 793 370 834 Philippi
392 793 505 824 iterum
527 793 659 832 irrigati
683 796 789 832 strage
816 794 990 830 anama,-
1023 797 1053 824 et
1080 793 1229 834 inclytum
1254 803 1363 824 nomen
1390 793 1532 825 vincetur

61 834 214 875 fluctibus
227 834 341 866 Siculis
351 847 361 867 .·
383 839 412 866 et
435 845 516 866 uxor
538 837 692 876 AEgyptia
707 836 793 866 duci-s
808 836 941 866 Romani
957 836 1106 877 malefisa
1121 836 1262 875 conjugio
1276 837 1392 867 occidet
1403 847 1417 874 ,⁰
1440 841 1530 877 atque

70 877 125 908 iun
141 878 202 909 erit
218 878 345 916 snt-stra
359 879 478 910 minata
499 882 606 909 nostra
632 879 788 919 Capitolia
809 879 1055 918 obtemperatura
1069 889 1123 909 suo
1141 880 1276 919 Canopo.
1323 879 1530 913 Quamobrem

70 920 130 950 tihi
145 930 317 952 recenseam
333 921 521 952 Barbariem
546 926 581 952 et
598 922 738 952 nationes
761 921 838 952 situs
863 921 901 951 ab
926 925 1053 962 utroque
1079 920 1227 953 Oceano?
1274 921 1428 961 Quicquid
1443 925 1530 952 terra

684 1005 916 1019 eeeeeeeeeee

70 1063 265 1094 ianuae-824
284 1062 462 1102 Emathiaq.
487 1066 539 1094 est
556 1072 598 1093 ex
616 1062 738 1093 Urbiu.
756 1063 800 1094 N.
817 1072 868 1103 pr.
883 1061 1075 1100 Hamburg.
1094 1060 1226 1092 Arund.
1252 1064 1287 1092 et
1303 1061 1418 1091 multis
1437 1059 1529 1092 aliis:

72 1103 286 1145 Emathiaeque
302 1115 354 1145 pr.
373 1104 448 1136 Pal.
474 1109 510 1136 et
531 1105 574 1135 V.
592 1111 626 1136 et
643 1106 729 1136 Mor.
746 1106 844 1136 Cant.
863 1110 1003 1144 uti-oque
1028 1104 1157 1134 Erfurt.
1184 1113 1236 1143 pr.
1254 1103 1293 1134 R.
1310 1108 1344 1134 et
1362 1103 1531 1144 Bernegg.

71 1155 147 1176 cum
164 1146 238 1177 aliis
253 1147 502 1187 compluribus:
531 1147 620 1186 vulg.
637 1152 751 1178 autem
768 1146 937 1177 edebatur
954 1145 1165 1184 Emathiique.
1211 1145 1346 1175 Deinde
1363 1144 1532 1182 madefacti

71 1188 172 1219 etiam
197 1193 248 1220 est
264 1198 306 1220 ex
323 1189 442 1220 Heius.
459 1189 711 1228 emendatione,
733 1189 903 1230 prolatum
931 1197 973 1219 ex
1002 1196 1067 1217 uno
1093 1188 1176 1227 Arg.
1218 1187 1308 1226 vulg.
1336 1187 1531 1228 madefient,-

71 1230 219 1261 nonnulli
233 1231 334 1262 etiam
350 1233 643 1262 φωρᾶσαι-829
667 1231 767 1262 Cant.
785 1231 906 1272 aliique
928 1230 1027 1260 multi
1048 1229 1254 1260 Bai-buriam.-
1279 1230 1431 1259 nonnulli
1447 1230 1532 1260 Bm·-

67 1272 178 1304 bnn‘ae.
221 1273 306 1305 Mox
322 1274 424 1314 vulgo
448 1273 630 1314 legebatur
643 1277 831 1314 gentesque;
853 1278 888 1305 at
904 1272 1060 1313 copulam
1076 1272 1240 1303 omittunt
1256 1281 1306 1312 pr.
1325 1272 1398 1303 Pal.
1413 1276 1449 1303 et
1466 1272 1533 1302 Zu-

732 1376 872 1409 NOTAE

68 1448 128 1481 bes
148 1449 260 1482 eidem
276 1450 506 1482 Macedonum
523 1451 596 1493 regi
618 1451 698 1483 olim
714 1461 772 1493 pa-

68 1500 203 1541 rebant,
228 1511 291 1542 pro
317 1511 385 1533 una
415 1507 517 1544 atque
545 1502 664 1534 eadem
690 1503 771 1534 belli

69 1559 173 1582 arena
189 1551 282 1582 Naso
299 1556 414 1583 noster
427 1562 502 1584 cum
516 1553 591 1584 aliis
603 1553 771 1585 sumserit.

70 1599 174 1631 Certe
197 1601 316 1631 Florus
343 1602 486 1632 Brutum
503 1607 540 1633 et
555 1603 707 1633 Cassium
734 1603 772 1633 il-

71 1652 137 1682 lam
151 1660 226 1692 quae
253 1651 358 1682 Cnaeo
382 1651 548 1691 Pompeio
565 1651 679 1683 fatalis
700 1651 772 1683 fue-

70 1705 135 1741 rat,
150 1701 348 1732 Pharsalum
365 1702 508 1741 scilicet,
525 1701 689 1732 insedisse
708 1706 774 1734 tes-

70 1757 175 1792 tatur,
187 1761 266 1784 cum
289 1757 401 1783 tamen
419 1761 460 1782 ex
476 1751 646 1783 constanti
672 1752 774 1782 histo-

70 1803 129 1834 riae
146 1801 213 1834 fide
237 1802 328 1843 apud
354 1802 533 1842 Philippos
548 1801 709 1832 Thracios
725 1802 772 1832 illi

68 1853 197 1885 devicti
212 1853 292 1884 sint.
322 1853 421 1886 Quod
437 1857 474 1883 ut
492 1852 600 1882 minus
618 1851 772 1892 ineptum

70 1902 237 1942 videatur,
251 1902 442 1934 meminisse
471 1906 610 1943 oportet
624 1911 690 1933 non
705 1911 772 1933 uno

68 1953 142 1984 loco
158 1961 295 1993 semper
310 1952 402 1984 acies
424 1956 483 1984 aut
507 1956 622 1984 castra
646 1952 772 1983 consis-

69 2009 153 2037 tere.

109 2056 173 2086 824
207 2054 372 2094 Emathia]
417 2054 467 2086 Eo
493 2053 627 2085 nomine
654 2053 772 2085 Mace-

65 2102 170 2136 donia
212 2104 354 2146 locaque
401 2104 557 2144 proxima
591 2104 634 2135 ab
665 2104 772 2136 AEma·

68 2153 182 2187 thiens
199 2155 251 2187 vel
275 2155 477 2187 Emathione
503 2165 582 2196 rege
598 2159 653 2186 est
666 2155 771 2188 dicta.

68 2204 283 2239 Macedoniae
311 2213 424 2238 autem
440 2205 581 2238 fuerunt
606 2206 770 2248 Philippi,

67 2255 102 2288 in
128 2255 272 2289 confinio
300 2257 470 2296 Thraciae,
494 2257 551 2288 ubi
579 2257 707 2290 Brutus
733 2263 770 2290 et

66 2305 202 2339 emim
216 2316 293 2339 cum
307 2307 460 2348 partibus
475 2307 540 2339 suis
553 2308 691 2340 devicti.

108 2358 170 2388 825
208 2357 377 2398 Magnum]
418 2358 508 2392 Quia
538 2362 700 2400 tanquam
726 2369 770 2391 ex

65 2404 145 2440 tau·
158 2406 232 2439 hac
257 2407 488 2449 proferuntur,
513 2409 600 2442 Jove
626 2409 701 2450 ipso
719 2409 769 2441 fu-

67 2459 217 2489 summm
242 2457 364 2490 seriem
392 2459 584 2499 evolventes,
608 2458 685 2491 ideo
711 2459 770 2491 ob-

64 2514 164 2540 tem
196 2517 270 2540 ene
308 2508 513 2548 debuerunt,
540 2519 615 2551 quae
654 2515 770 2542 tamen

68 2556 196 2590 lta-ont
219 2557 358 2591 difficile
386 2569 453 2591 non
479 2559 544 2592 fuit
571 2559 770 2601 praedicere,

68 2614 144 2639 e-
153 2607 227 2649 Jam
242 2614 356 2642 essent
372 2610 560 2650 pra-teriia.
607 2611 769 2652 Magnum

70 2664 153 2689 vem
180 2666 299 2691 nomen
325 2659 368 2692 de
395 2670 462 2701 quo
486 2661 540 2692 liic
572 2661 685 2702 agitur
716 2667 769 2694 est

70 2705 237 2747 Pompeii,
264 2709 362 2749 eujus
394 2710 482 2743 ulier
518 2710 618 2749 filius,
651 2722 768 2744 secum

70 2755 199 2796 pirates
222 2757 357 2788 navales
373 2759 519 2800 agitans,
540 2761 589 2794 ita
604 2761 638 2792 in
653 2762 768 2794 Siculo

70 2804 158 2837 freto
174 2813 355 2847 oppressus
372 2812 438 2848 est,
462 2812 498 2840 ut
514 2808 613 2841 modo
638 2814 770 2843 trecen·

827 1456 936 1483 tarum
953 1450 1201 1493 quinquaginta
1225 1449 1362 1480 navium
1378 1448 1532 1482 dominus

826 1512 903 1534 curn
933 1512 993 1533 sex
1020 1506 1195 1542 septemve
1232 1500 1353 1541 fugere
1390 1505 1531 1532 coactus

825 1552 939 1584 fuerit.

870 1604 934 1632 826
958 1600 1108 1639 Romani]
1134 1599 1357 1639 Antonii‚qui
1386 1598 1531 1641 Cleopa-

828 1655 891 1682 trae
909 1650 1085 1681 libidinum
1103 1650 1251 1690 pretium
1271 1649 1458 1680 Romanum
1474 1649 1532 1681 im-

828 1700 960 1741 perium
985 1709 1062 1731 cum
1084 1699 1284 1730 stultissime
1309 1699 1532 1740 promisisset,

829 1750 870 1782 ab
899 1750 1058 1791 Augusto
1086 1750 1128 1781 ad
1156 1748 1295 1780 Actium
1325 1748 1422 1790 Epiri
1453 1759 1533 1790 pro-

821 1801 1031 1837 montorium
1068 1800 1180 1830 navali
1220 1798 1338 1840 praelio
1374 1799 1531 1831 devictus

827 1854 891 1880 est.

873 1898 1010 1939 Conjus]
1033 1899 1232 1939 Cleopatra,
1247 1907 1338 1940 quae,
1361 1908 1397 1930 se
1414 1898 1532 1931 trium·

826 1952 894 1992 pho
910 1952 969 1983 ubi
984 1952 1028 1982 ab
1043 1951 1199 1992 Augusto
1221 1951 1349 1982 servari
1365 1951 1483 1991 sensit,
1497 1950 1531 1983 in

825 2003 1016 2035 cautiorem
1032 2007 1132 2033 nacta
1158 2001 1358 2041 custodiam,
1384 2002 1418 2032 in
1436 2001 1530 2033 Mau-

825 2053 1042 2094 soleo,juxta
1054 2061 1151 2083 suum
1168 2051 1368 2091 Antonium,
1385 2051 1532 2083 admotis

826 2103 869 2136 ad
897 2113 1000 2136 venas
1030 2102 1260 2144 serpentibus,
1289 2102 1386 2145 quasi
1415 2112 1531 2134 somno

825 2155 937 2188 soluta
952 2159 1019 2187 est.

870 2205 989 2246 Toedae]
1005 2205 1075 2237 Pro
1087 2204 1268 2246 conjugio;
1283 2207 1321 2236 ut
1334 2213 1427 2246 smpe
1438 2204 1531 2237 alibi.

866 2259 930 2288 828
953 2255 1091 2297 Nostra]
1121 2255 1201 2288 Jovi
1219 2265 1363 2297 namque
1379 2255 1530 2288 dicatum

824 2307 1047 2348 Capitolium,
1068 2306 1125 2349 qui
1149 2311 1184 2338 et
1210 2305 1291 2338 inde
1313 2306 1529 2347 Capitolinus

825 2356 951 2388 dictus.

870 2408 1010 2449 Canopo]
1023 2407 1113 2440 Urbs
1125 2411 1177 2439 est
1189 2407 1340 2448 AEgypti,
1352 2407 1392 2439 ad
1406 2408 1529 2440 ostium

827 2457 899 2490 Nili
922 2458 1153 2498 occidentale,
1169 2457 1257 2500 quod
1281 2458 1324 2490 ab
1351 2468 1393 2490 ea
1420 2460 1528 2491 Cauo-

826 2508 940 2549 picnm
957 2509 1100 2541 dictum.

869 2562 933 2590 829
956 2558 1160 2600 Barbariana]
1183 2559 1252 2590 Pro
1269 2558 1430 2595 barbaris.
1444 2568 1526 2598 quos

824 2607 998 2650 Augustus
1024 2608 1170 2648 domuit,
1195 2608 1285 2640 iuter
1301 2618 1382 2648 quos
1410 2607 1527 2646 Mysos

823 2660 973 2702 ipsorum
990 2661 1093 2692 etiam
1119 2660 1338 2691 barbarorum
1367 2657 1527 2689 barbaros

823 2716 922 2744 vocnt
938 2712 1074 2749 Florus;
1099 2720 1197 2751 quem
1216 2708 1291 2739 vide
1307 2717 1337 2738 c.
1357 2709 1406 2738 12.

870 2761 1024 2802 Ueroque]
1048 2758 1217 2791 Orientali
1245 2762 1280 2788 et
1297 2757 1526 2789 occidentali.

824 2811 944 2853 Immo,
967 2815 1006 2844 ut
1030 2810 1079 2843 ait
1103 2809 1235 2847 Florus,
1261 2809 1269 2825 ¹
1289 2806 1455 2842 Omnibus
1482 2807 1524 2840 nd
