1773 3121
237 213 349 255 17:32
723 223 762 252 P.
794 222 952 251 ovmu
986 220 1196 251 NASONIS

243 469 360 509 FAB.
394 467 542 509 XIX.
602 466 820 508 Salmacis
853 466 1017 507 fontem
1042 465 1117 519 qui
1150 464 1360 518 contingit
1385 464 1432 506 in
1456 464 1684 506 mollitiem

868 535 1060 575 vertitur.

237 646 414 676 SALMAcxs
426 641 501 673 fons
512 641 546 673 in
556 641 654 673 Caria
664 644 824 673 contactu
836 641 885 672 sui
898 641 1034 682 liquoris
1044 641 1137 680 cogit
1147 640 1181 672 in
1188 640 1362 672 mollitiem
1373 638 1526 681 corporis
1535 638 1685 672 obscoeni

280 695 388 727 verti:
413 694 503 736 quod
519 693 686 726 beneficio
701 694 867 725 Mercurii
883 699 918 725 et
934 694 1076 725 Veneris
1090 693 1216 725 dicitur
1232 703 1305 725 esse
1321 693 1461 725 factum.

242 782 510 847 QUODQUE
531 798 673 849 magis
692 796 863 845 mirum,
882 799 983 836 sunt
1002 796 1077 849 qui
1097 809 1181 837 non
1202 808 1388 849 corpora
1407 797 1588 846 tantum,

238 866 406 906 Verum
425 864 595 905 animos
613 863 743 903 etiam
764 863 939 902 valeant
957 865 1138 912 mutare,
1158 863 1363 916 liquores.

241 932 324 972 Cui
345 944 428 972 non
450 930 604 971 audita
624 932 690 970 est
709 930 932 969 obscoenae
957 928 1173 970 Salmacis
1192 930 1320 970 undae
1336 932 1355 970 Τ

242 1133 361 1174 ῈΑΒ.
394 1130 514 1174 XX.
574 1130 740 1171 Lacum
764 1128 1009 1182 AEthiopiae
1030 1130 1104 1183 qui
1123 1130 1235 1171 bibit
1254 1131 1297 1171 in
1317 1131 1532 1173 insaniam
1551 1134 1625 1173 aut
1644 1131 1689 1172 in

751 1209 959 1250 soporem
984 1198 1180 1239 vertitur.

238 1311 353 1341 LAcus
367 1313 420 1340 est
434 1308 468 1339 iu
481 1308 662 1349 AEthiopia‚
673 1307 742 1349 qui,
756 1308 877 1339 hausto
891 1306 1021 1349 liquore
1033 1307 1076 1339 ad
1092 1307 1182 1340 sitim
1193 1307 1388 1349 sedandam,
1404 1312 1462 1340 aut
1476 1307 1511 1339 in
1522 1306 1689 1339 insaniam

300 1367 358 1394 aut
372 1362 405 1393 in
417 1371 572 1402 soporem
587 1360 704 1392 vertit.

243 1451 638 1514 AE'rffloPEsQUE
655 1465 810 1505 lacus?
843 1476 955 1516 quos
976 1464 1012 1505 si
1033 1465 1132 1518 quis
1151 1465 1357 1506 faucibus
1381 1465 1546 1515 hausit,
1605 1458 1691 1507 320

243 1534 336 1575 Aut
353 1534 482 1584 furit3
515 1535 589 1573 aut
607 1533 761 1572 mirum
782 1532 942 1583 patitur
964 1532 1174 1583 gravitate
1194 1545 1410 1585 soporem.

288 1674 364 1696 xm.
391 1665 432 1695 Et
449 1664 529 1704 quod
544 1662 644 1702 magis
657 1662 850 1702 stupendum,
876 1664 948 1691 sunt
963 1671 1048 1700 aquoe
1063 1671 1128 1701 quoe
1145 1662 1265 1701 possint
1285 1665 1405 1693 vertere
1419 1671 1479 1693 non
1491 1664 1612 1692 tantum
1626 1671 1692 1693 cor·-

241 1717 319 1748 pora
333 1708 385 1738 sed
400 1707 493 1737 etiam
507 1708 633 1736 mentes.
680 1705 742 1735 Cui
755 1714 815 1734 non
828 1703 953 1743 cognita
969 1703 1121 1734 Salmacis
1135 1714 1222 1743 aquae
1238 1703 1360 1744 turpis?

289 1759 349 1781 xx.
375 1750 418 1780 Et
434 1750 518 1779 lacus
532 1745 714 1790 AEthiopes?
734 1756 806 1787 quos
817 1746 845 1777 si
859 1745 927 1786 quis
937 1746 1029 1777 duxit
1044 1749 1184 1786 gutture,
1199 1747 1247 1777 vel
1253 1746 1353 1787 furit,
1364 1746 1412 1778 tel
1422 1745 1544 1786 patitur
1554 1755 1692 1777 somnum

241 1793 422 1833 stupendum
435 1790 605 1830 gravitate.

851 1861 868 1872 e
873 1860 965 1872 atroce
969 1860 1085 1872 ‘oeteo

243 1948 312 1969 sec.
329 1937 370 1968 A.
397 1948 501 1977 auroq.
525 1938 763 1977 lapillos.—3l7
787 1936 935 1967 Berolin.
960 1936 1033 1967 mir.
1062 1939 1225 1967 esa—318
1254 1936 1367 1967 Verum
1394 1936 1513 1966 animos
1537 1936 1692 1967 hominum

244 1980 340 2010 Leid.
351 1983 387 2010 et
403 1984 472 2010 tres
488 1980 543 2009 alii
558 1990 565 2009 z
595 1979 709 2010 Verum
720 1979 814 2009 etiam
829 1989 927 2009 mores
939 1982 1066 2018 possunt
1081 1982 1158 2009 mut.
1178 1988 1263 2009 unus
1283 1979 1370 2008 Mor.
1383 1979 1500 2009 soleant
1513 1981 1590 2008 mut.
1606 1987 1692 2009 unus

244 2021 473 2052 Heins.—3l9
501 2021 599 2051 Undae
623 2030 683 2061 pro
707 2021 797 2060 vulg.
811 2022 895 2051 unda
920 2021 1041 2053 Heius.
1057 2021 1211 2060 reposuit
1233 2030 1309 2052 cum
1325 2021 1493 2060 Bernegg.
1510 2019 1556 2051 N.
1580 2029 1634 2060 pr.
1650 2020 1692 2051 R.

245 2067 388 2105 utroque
414 2062 543 2094 Erfurt.
560 2072 611 2104 pr.
642 2063 728 2094 Mor.
755 2067 790 2094 et
806 2062 879 2094 Pal.
903 2067 939 2094 et
963 2073 1022 2094 sex
1048 2063 1238 2095 aliis.—320
1262 2062 1424 2094 Nonnulli
1441 2062 1693 2103 AEthiopumque.

901 2166 1040 2199 NOTAE

288 2255 351 2284 319
374 2250 539 2291 Salmacis]
567 2251 620 2282 De
647 2259 686 2281 eo
710 2250 817 2282 Cariae
843 2249 939 2282 fonte
994 2252 1110 2283 simam
1127 2252 1300 2293 regionem
1317 2251 1365 2283 cis
1381 2256 1417 2283 et
1432 2251 1522 2282 ultra
1533 2251 1694 2292 AEquato·

245 2313 348 2344 supra
363 2303 382 2333 l.
400 2312 431 2333 v.
447 2305 520 2333 285.
995 2312 1065 2333 rem
1081 2306 1254 2334 extensam
1271 2302 1474 2343 incolentem,
1490 2301 1548 2343 qui
1570 2310 1606 2333 se
1623 2311 1693 2333 om-

286 2357 348 2385 820
372 2352 546 2393 AEthiopes]
562 2352 694 2383 Solinus
710 2353 822 2383 locum
836 2352 940 2382 etiam
995 2353 1086 2384 nium
1101 2353 1270 2384 hominum
1286 2353 1410 2394 primos
1427 2361 1498 2383 esse
1519 2351 1599 2383 olim
1614 2360 1693 2383 con-

243 2405 278 2436 in
295 2404 465 2444 AEthiopia
489 2413 562 2434 esse
593 2403 687 2442 dicit,
715 2412 780 2443 quo
803 2401 942 2442 perfusa
996 2404 1190 2435 tenderunt.

246 2463 402 2495 corpora,
417 2454 513 2484 velut
538 2454 613 2484 oleo
638 2454 821 2484 nitescunt.
856 2452 943 2483 Sunt
1038 2457 1099 2488 321
1126 2452 1308 2496 Gravitate]
1329 2454 1516 2486 Veternum
1532 2451 1629 2484 dicit.

245 2508 358 2537 autem
369 2504 540 2546 AEthiopes
550 2503 678 2536 Africae
690 2503 819 2545 populi,
828 2503 943 2535 vastis·
