1773 3121
249 225 361 270 1842

736 237 778 268 P.
810 235 967 266 0V1D11
1001 234 1212 266 NASONIS

245 331 416 374 Passus
436 331 551 373 idem
571 330 764 385 Tydeus,
785 334 826 372 et
844 329 957 371 idem
979 330 1199 383 Pagaseus
1222 328 1384 370 Iason:

306 399 365 440 Et
385 411 496 451 quos
517 402 726 452 praeterea
745 399 873 450 longa
891 397 1046 437 referre
1067 409 1188 436 mora
1209 400 1292 436 est.

249 465 388 507 Omne
410 466 548 505 solum
566 464 667 506 forti
685 464 829 518 patria
851 467 945 514 est3
976 467 1026 503 ut
1043 463 1238 516 piscibus
1258 474 1434 515 aequor:

303 531 367 573 Ut
386 531 571 580 volucri,
593 544 734 572 vacuo
750 531 961 585 quicquid
981 531 1025 570 in
1046 531 1148 570 orbe
1170 532 1309 581 patet.

248 597 293 639 N
296 611 344 640 ec
367 598 460 638 fera
479 600 720 651 tempestas
742 602 832 639 toto
851 602 995 639 tamen
1013 598 1158 637 horret
1178 597 1222 636 in
1242 609 1377 638 anno:

1606 595 1692 635 495

303 664 360 706 Et
378 665 455 706 tibi
485 664 635 719 (crede
653 664 782 715 mihi)
811 670 1012 718 tempora
1031 665 1148 705 veris
1169 667 1309 704 erunt.

246 730 451 773 Vocibus
473 731 674 773 Evander
693 733 864 789 firmata
883 736 1028 773 mente
1049 732 1241 785 parentis

303 798 433 840 Nave
452 803 571 839 secat
590 799 762 849 fluctus,
783 799 1137 851 Hesperiamque
1159 802 1286 839 tenet.

245 864 434 917 Jamque
454 869 588 906 ratem
610 854 750 905 doctae
770 865 936 905 monitu
958 864 1200 904 Carmentis
1220 865 1266 904 in
1283 875 1450 904 amnem

303 930 476 982 Egerat,
498 933 540 970 et
558 929 752 970 Thuscis
775 930 936 971 obvius
956 929 1047 969 ibat
1068 930 1212 982 aquis.

1608 928 1692 968 500

247 991 461 1036 Fluminis
481 995 559 1036 illa
576 996 707 1045 latus,
730 996 803 1037 cui
824 999 926 1037 sunt
942 995 1057 1038 vada
1073 996 1227 1049 juncta
1246 993 1441 1044 Terenti,

301 1061 496 1116 Aspicit,
518 1067 560 1104 et
580 1075 758 1116 sparsas
776 1076 853 1119 per
871 1063 975 1105 loca
996 1063 1092 1104 sola
1111 1074 1258 1103 casas.

246 1169 359 1206 Aonia,
372 1179 480 1210 passus
501 1174 547 1201 est
562 1171 655 1202 idem.
704 1171 826 1210 Tydeus
843 1180 952 1210 passus
968 1174 1014 1202 est
1039 1171 1130 1209 idem,
1153 1173 1246 1210 atque
1266 1169 1348 1200 idem
1362 1170 1460 1200 Jason
1476 1168 1647 1209 Pagasaeis,
1664 1173 1694 1201 et

244 1221 317 1251 quos
328 1213 451 1251 longum
465 1216 541 1242 esset
557 1216 676 1252 tempus
694 1213 817 1252 insuper
830 1222 1009 1244 memorare.
1056 1213 1166 1242 Omnis
1180 1216 1265 1242 terra
1280 1216 1326 1243 est
1346 1211 1450 1251 patria
1474 1211 1546 1242 viro
1561 1212 1696 1252 cordato,

244 1258 281 1284 ut
295 1263 378 1284 mare
400 1254 547 1294 piscibus,
561 1257 595 1284 ut
619 1254 762 1294 quicquid
775 1257 862 1294 patet
884 1254 919 1284 in
939 1254 1010 1285 u'e're
1035 1254 1115 1285 aliti.
1160 1254 1269 1293 Neque
1291 1254 1417 1284 horrida
1433 1256 1595 1293 tempestas
1606 1254 1696 1285 soevit

246 1300 347 1326 tamen
365 1299 429 1327 toto
444 1305 542 1333 ann0,·
564 1298 652 1326 crede
673 1296 762 1334 mihi,
779 1299 915 1336 tempora
929 1296 1011 1326 veris
1025 1300 1115 1327 erunt
1130 1296 1223 1326 etium
1237 1296 1305 1327 tibi.
1351 1296 1497 1326 Evander
1511 1297 1611 1325 animo
1627 1306 1695 1326 con-

234 1338 366 1378 firmato
377 1338 565 1369 sermonibus
575 1338 686 1369 matris
698 1338 798 1368 sulcat
813 1348 906 1378 aquus
921 1338 1029 1378 lintre,
1045 1342 1077 1369 et
1092 1338 1254 1369 advehitur
1268 1338 1302 1368 in
1320 1337 1518 1377 Hesperiam.
1562 1338 1694 1378 Jamque

244 1381 411 1419 impulerat
424 1390 532 1411 navem
546 1380 580 1411 in
588 1380 725 1420 fluvium
738 1379 831 1418 jussu
846 1381 944 1411 doctoe
961 1380 1150 1419 Carmentis,
1166 1384 1197 1410 et
1214 1379 1379 1414 ferebatur
1393 1380 1426 1410 in
1440 1389 1534 1418 aquas
1552 1380 1695 1412 Thuscas.

245 1423 305 1452 Illa
321 1422 421 1454 cernit
434 1423 516 1453 latus
529 1423 640 1462 amnis,
654 1422 703 1452 cui
719 1425 791 1452 sunt
796 1421 907 1460 juncta
921 1423 1001 1452 vada
1013 1422 1151 1462 Terenti,
1168 1424 1198 1452 et
1210 1422 1338 1461 tuguria
1355 1430 1463 1461 sparsa
1473 1430 1529 1461 per
1544 1421 1608 1452 loca
1619 1421 1695 1453 sola.

849 1493 1085 1505 eeeeeeeeeeee

248 1538 526 1576 Pegasoeus.·-—495
550 1536 671 1568 Horret
687 1536 807 1568 Heins.
823 1537 960 1577 reponit
978 1546 1021 1568 ex
1036 1536 1151 1568 Ursin.
1167 1540 1203 1567 et
1218 1536 1306 1568 Maz.
1329 1539 1365 1567 et
1381 1535 1527 1577 quinque
1543 1536 1616 1567 aliis
1631 1539 1695 1577 pro

244 1581 336 1619 vulg.
359 1582 565 1610 errat.——496
587 1579 684 1610 Unus
703 1580 746 1610 V.
775 1580 826 1610 En
839 1579 1017 1611 trba—497
1042 1580 1186 1611 Firmata
1201 1579 1320 1610 Heius.
1346 1578 1479 1618 recepit
1495 1579 1696 1610 ext-meliori-

242 1623 304 1651 bus
318 1634 326 1660 ;
348 1622 484 1661 plurimi
500 1621 672 1663 etfirmus;
696 1625 732 1652 et
747 1621 802 1653 Fr.
818 1631 895 1653 cum
910 1622 1027 1653 multis
1044 1621 1116 1653 aliis
1133 1622 1386 1663 &firmae-498
1408 1620 1552 1652 Plurimi
1573 1622 1695 1662 scripti

243 1670 279 1694 et
306 1663 392 1695 editi
419 1663 582 1695 exhibent
608 1663 851 1704 Hesperiamque
860 1675 872 1701 ‚·
893 1665 984 1705 vulg.
1008 1664 1210 1704 Italiamque.-
1232 1664 1324 1695 Mor.
1351 1663 1693 1704 Ausoniamque—500

243 1707 312 1737 Pro
337 1707 461 1745 Egerat
483 1706 582 1737 multi
608 1715 651 1736 ex
677 1706 873 1738 melioribus
905 1706 1065 1744 Vexerat;
1088 1707 1206 1737 Heins.
1232 1707 1321 1746 conj.
1347 1715 1409 1746 pro
1433 1706 1692 1737 macerae-501

243 1749 406 1788 Excerpt.
424 1748 615 1780 Kloekhov.
634 1749 722 1788 cujus
735 1758 798 1789 pro
812 1749 862 1779 cui
887 1753 969 1781 sunt.
1013 1748 1146 1780 Deinde
1164 1748 1248 1780 editi
1271 1754 1308 1779 et
1335 1748 1453 1788 scripti
1480 1747 1552 1779 fere
1579 1758 1694 1779 omnes

234 1790 338 1827 jzmct.
360 1791 510 1828 Tarenti,·
543 1795 578 1822 at
605 1792 763 1823 meliores
789 1792 890 1832 pauci
918 1793 1058 1833 Terenti,
1084 1791 1297 1832 approbante
1324 1790 1550 1822 Heins.——502
1573 1791 1694 1822 Heius.

896 1877 1040 1910 NOTAE

285 1949 345 1977 491
373 1946 512 1986 Tydeus]
535 1947 602 1979 Qui
618 1947 718 1978 OEnei
740 1948 940 1988 Calydoniae

243 1996 331 2035 regis
342 1995 443 2036 filius,
455 2005 532 2026 cum
544 1995 706 2027 Alcatum
717 1997 941 2036 Lycotheum-

244 2053 308 2084 que
336 2048 491 2084 nepotes,
518 2044 584 2084 vel,
599 2048 638 2075 ut
663 2045 720 2075 alii
739 2045 868 2085 volunt,
880 2045 941 2075 im·

242 2092 390 2132 prudens
413 2093 652 2133 Menalippum
678 2093 833 2134 fratrem,
853 2095 941 2126 occi-

242 2143 358 2182 disset,
374 2142 416 2173 ad
434 2142 617 2174 Adrastum
634 2152 747 2183 regem
764 2143 928 2185 profugit.

287 2192 460 2232 Pagaseus]
496 2192 720 2234 Thessalicus,
746 2203 766 2224 a
795 2194 940 2235 Pagasis

243 2243 423 2274 Thessaliae
442 2243 535 2274 urbe.

286 2293 392 2334 Iason]
425 2293 492 2325 Qui
505 2293 636 2324 AEsonis
652 2292 740 2324 filins
758 2303 777 2324 a
792 2293 893 2324 Pelia
906 2293 940 2324 in

244 2343 387 2373 Colchos
413 2342 595 2374 honorifico
617 2343 718 2373 exilio
734 2344 852 2374 missus
868 2348 941 2381 est;

243 2392 378 2432 deinde,
402 2393 537 2423 Medeae
567 2392 652 2422 dolis
688 2392 816 2423 sublato
843 2392 941 2423 Pelia

243 2441 373 2480 eodem,
403 2441 446 2472 ad
481 2441 663 2472 Creontem
691 2441 940 2473 Corinthiorum

243 2501 356 2531 regem
381 2490 534 2529 divertit,
562 2501 743 2532 secumque
760 2493 838 2523 vitae
864 2493 940 2523 reli·

243 2550 345 2581 quum
367 2545 501 2581 tempus
529 2541 679 2573 Corinthi
704 2542 786 2583 egit,
812 2543 871 2574 sed
896 2543 939 2574 de

243 2600 283 2621 eo
301 2590 397 2630 plura
414 2590 505 2622 alibi.

285 2642 348 2671 493
373 2640 499 2680 Patria]
522 2640 610 2673 Quia
626 2641 748 2681 ubique
775 2651 818 2672 ex
844 2643 939 2674 tenui

245 2699 359 2721 secum
375 2691 519 2730 Deoque
535 2690 650 2721 vivere
668 2690 800 2722 didicit.

286 2742 348 2770 495
373 2738 471 2778 Fera]
518 2743 526 2757 ⁶
544 2740 621 2771 Non
652 2749 784 2781 semper
815 2739 938 2772 imbres

993 1947 1137 1978 nubibus
1166 1947 1314 1987 hispidos
1341 1947 1486 1977 Manant
1515 1946 1549 1976 in
1580 1955 1692 1986 agros,

994 2001 1054 2026 aut
1070 2004 1162 2025 mare
1179 1995 1336 2035 Caspium
1349 1994 1487 2026 Vexant
1508 1995 1692 2035 inaequales

994 2045 1152 2084 procellae
1169 2043 1312 2084 Usque,'
1327 2046 1390 2074 ἃς.
1406 2044 1515 2085 inquit
1532 2044 1654 2074 Horat.

1036 2096 1100 2125 496
1129 2093 1292 2133 Tempora]
1327 2094 1338 2110 ‘
1355 2092 1536 2124 Informes'
1565 2096 1693 2134 quippe

992 2143 1002 2161 ‘
1018 2144 1154 2185 hyemes
1171 2143 1304 2174 reducit
1326 2143 1479 2183 Jupiter,
1493 2143 1583 2174 idem
1598 2143 1695 2175 Sum-

993 2197 1120 2225 movet.
1153 2195 1246 2234 Non,
1276 2194 1302 2224 si
1327 2194 1415 2224 male
1440 2203 1542 2234 nunc,
1561 2199 1597 2225 et
1612 2195 1692 2225 olim

993 2244 1048 2275 Sic
1064 2243 1150 2275 erit.¹
1174 2248 1212 2274 ut
1227 2243 1276 2274 ait
1293 2243 1381 2274 idem
1405 2243 1462 2274 ille
1477 2248 1512 2275 et
1527 2253 1606 2275 vere
1623 2244 1694 2275 Ho-

994 2298 1059 2325 rat.
1097 2294 1220 2335 Neque
1243 2293 1418 2324 dissimilia
1440 2293 1552 2333 Maro,
1567 2291 1690 2334 aliique

994 2354 1103 2384 prope
1123 2353 1252 2384 omnes,
1267 2353 1309 2374 ex
1321 2343 1456 2384 ingenio
1471 2348 1616 2384 naturae,
1630 2342 1692 2374 sci-

992 2394 1085 2425 licet.

1035 2447 1098 2475 498
1122 2443 1323 2483 Hesperiam]
1344 2443 1490 2474 Italiam.
1515 2427 1699 2486 Regname'

994 2495 1124 2532 Fauno,
1141 2498 1219 2523 ante
1241 2502 1344 2523 annos
1363 2493 1502 2523 circiter
1517 2495 1571 2523 60.
1589 2502 1689 2532 quam

993 2545 1115 2575 AEneas
1141 2543 1174 2573 iu
1197 2542 1331 2573 Italiam
1348 2542 1556 2581 deferretur,
1579 2542 1690 2573 Evan-

991 2593 1091 2623 drum
1106 2591 1224 2622 eodem
1242 2591 1421 2632 appulsum
1439 2594 1585 2622 testatur
1605 2591 1690 2623 Dio-

991 2641 1103 2682 nysius
1118 2640 1294 2671 Halicarn.

1033 2693 1096 2720 500
1122 2690 1238 2721 Obvius
1252 2689 1334 2729 ibat]
1362 2689 1558 2731 Navigabat
1572 2690 1690 2722 adver-

991 2750 1063 2773 sum
1077 2739 1216 2773 fluvium
1239 2740 1452 2783 Tiberinum,
1473 2740 1532 2784 qui
1550 2750 1594 2773 ex
1616 2741 1686 2773 He-

1764 2675 1771 2742 „f
