<?xml version="1.0" encoding="UTF-8"?>
<!DOCTYPE html PUBLIC "-//W3C//DTD XHTML 1.0 Transitional//EN"
    "http://www.w3.org/TR/xhtml1/DTD/xhtml1-transitional.dtd">
<html xmlns="http://www.w3.org/1999/xhtml" xml:lang="en" lang="en">
 <head>
  <title>
</title>
<meta http-equiv="Content-Type" content="text/html;charset=utf-8" />
  <meta name='ocr-system' content='tesseract 3.04.00' />
  <meta name='ocr-capabilities' content='ocr_page ocr_carea ocr_par ocr_line ocrx_word'/>
</head>
<body>
  <div class='ocr_page' id='page_1' title='image "./operaomniaexedit04oviduoft_0254.png"; bbox 0 0 1773 3121; ppageno 0'>
   <div class='ocr_carea' id='block_1_1' title="bbox 210 200 1170 243">
    <p class='ocr_par' dir='ltr' id='par_1_1' title="bbox 210 200 1170 243">
     <span class='ocr_line' id='line_1_1' title="bbox 210 200 1170 243; baseline -0.005 -1"><span class='ocrx_word' id='word_1_1' title='bbox 210 200 326 243; x_wconf 81' lang='lat'>1872</span> <span class='ocrx_word' id='word_1_2' title='bbox 695 210 734 240; x_wconf 77' lang='lat' dir='ltr'>P.</span> <span class='ocrx_word' id='word_1_3' title='bbox 766 208 925 239; x_wconf 79' lang='lat' dir='ltr'>oviou</span> <span class='ocrx_word' id='word_1_4' title='bbox 959 207 1170 238; x_wconf 74' lang='lat' dir='ltr'>NAsoms</span> 
     </span>
    </p>
   </div>
   <div class='ocr_carea' id='block_1_2' title="bbox 215 297 1678 1096">
    <p class='ocr_par' dir='ltr' id='par_1_2' title="bbox 215 297 1678 1096">
     <span class='ocr_line' id='line_1_2' title="bbox 215 297 1664 358; baseline -0.008 -8"><span class='ocrx_word' id='word_1_5' title='bbox 215 308 302 350; x_wconf 85' lang='lat' dir='ltr'>Illa</span> <span class='ocrx_word' id='word_1_6' title='bbox 320 310 447 349; x_wconf 87' lang='lat' dir='ltr'>nocte</span> <span class='ocrx_word' id='word_1_7' title='bbox 468 304 640 358; x_wconf 81' lang='lat' dir='ltr'>aliquis,</span> <span class='ocrx_word' id='word_1_8' title='bbox 662 302 817 344; x_wconf 85' lang='lat' dir='ltr'>tollens</span> <span class='ocrx_word' id='word_1_9' title='bbox 837 302 892 343; x_wconf 78' lang='lat' dir='ltr'>ad</span> <span class='ocrx_word' id='word_1_10' title='bbox 914 302 1057 343; x_wconf 83' lang='lat' dir='ltr'>sidera</span> <span class='ocrx_word' id='word_1_11' title='bbox 1077 300 1258 349; x_wconf 86' lang='lat' dir='ltr'>vultum,</span> <span class='ocrx_word' id='word_1_12' title='bbox 1435 312 1438 315; x_wconf 93' lang='grc'><strong><em>·</em></strong></span> <span class='ocrx_word' id='word_1_13' title='bbox 1603 297 1664 341; x_wconf 79' lang='grc'>’75</span> 
     </span>
     <span class='ocr_line' id='line_1_3' title="bbox 274 365 1325 424; baseline -0.01 -8"><span class='ocrx_word' id='word_1_14' title='bbox 274 375 421 424; x_wconf 83' lang='lat' dir='ltr'>Dicet,</span> <span class='ocrx_word' id='word_1_15' title='bbox 443 372 535 413; x_wconf 90' lang='lat' dir='ltr'>Ubi</span> <span class='ocrx_word' id='word_1_16' title='bbox 554 376 621 413; x_wconf 87' lang='lat' dir='ltr'>est</span> <span class='ocrx_word' id='word_1_17' title='bbox 639 370 786 421; x_wconf 88' lang='lat' dir='ltr'>hodie,</span> <span class='ocrx_word' id='word_1_18' title='bbox 806 383 908 424; x_wconf 87' lang='lat' dir='ltr'>quae</span> <span class='ocrx_word' id='word_1_19' title='bbox 928 371 1045 424; x_wconf 84' lang='lat' dir='ltr'><strong>Lyra</strong></span> <span class='ocrx_word' id='word_1_20' title='bbox 1059 369 1188 421; x_wconf 34' lang='lat' dir='ltr'>&#39;fulsit</span> <span class='ocrx_word' id='word_1_21' title='bbox 1206 365 1325 408; x_wconf 70' lang='lat' dir='ltr'>heri?</span> 
     </span>
     <span class='ocr_line' id='line_1_4' title="bbox 220 432 1494 495; baseline -0.008 -12"><span class='ocrx_word' id='word_1_22' title='bbox 220 444 422 495; x_wconf 82' lang='lat' dir='ltr'>Dumque</span> <span class='ocrx_word' id='word_1_23' title='bbox 443 441 600 494; x_wconf 83' lang='lat' dir='ltr'><strong>Lyram</strong></span> <span class='ocrx_word' id='word_1_24' title='bbox 623 443 813 493; x_wconf 81' lang='lat' dir='ltr'>quaeret3</span> <span class='ocrx_word' id='word_1_25' title='bbox 843 437 973 479; x_wconf 90' lang='lat' dir='ltr'>medii</span> <span class='ocrx_word' id='word_1_26' title='bbox 996 449 1170 490; x_wconf 83' lang='lat' dir='ltr'>quoque</span> <span class='ocrx_word' id='word_1_27' title='bbox 1195 439 1314 487; x_wconf 82' lang='lat' dir='ltr'>terga</span> <span class='ocrx_word' id='word_1_28' title='bbox 1336 432 1494 474; x_wconf 82' lang='lat' dir='ltr'><strong>Leonis</strong></span> 
     </span>
     <span class='ocr_line' id='line_1_5' title="bbox 276 505 1233 561; baseline -0.006 -12"><span class='ocrx_word' id='word_1_29' title='bbox 276 509 331 550; x_wconf 90' lang='lat' dir='ltr'>In</span> <span class='ocrx_word' id='word_1_30' title='bbox 349 507 542 561; x_wconf 83' lang='lat' dir='ltr'>liquidas</span> <span class='ocrx_word' id='word_1_31' title='bbox 563 507 710 547; x_wconf 82' lang='lat' dir='ltr'>subito</span> <span class='ocrx_word' id='word_1_32' title='bbox 731 518 875 546; x_wconf 87' lang='lat' dir='ltr'>mersa</span> <span class='ocrx_word' id='word_1_33' title='bbox 893 505 1064 545; x_wconf 85' lang='lat' dir='ltr'>notabit</span> <span class='ocrx_word' id='word_1_34' title='bbox 1083 515 1233 557; x_wconf 80' lang='lat' dir='ltr'>aquas,</span> 
     </span>
     <span class='ocr_line' id='line_1_6' title="bbox 221 569 1382 627; baseline -0.006 -11"><span class='ocrx_word' id='word_1_35' title='bbox 221 576 372 627; x_wconf 81' lang='lat' dir='ltr'><strong>QUEM</strong></span> <span class='ocrx_word' id='word_1_36' title='bbox 396 575 525 615; x_wconf 82' lang='lat' dir='ltr'>modo</span> <span class='ocrx_word' id='word_1_37' title='bbox 545 574 751 615; x_wconf 85' lang='lat' dir='ltr'>coelatum</span> <span class='ocrx_word' id='word_1_38' title='bbox 772 573 914 614; x_wconf 85' lang='lat' dir='ltr'>stellis</span> <span class='ocrx_word' id='word_1_39' title='bbox 942 572 1166 626; x_wconf 82' lang='lat' dir='ltr'>Delphina</span> <span class='ocrx_word' id='word_1_40' title='bbox 1184 569 1382 618; x_wconf 78' lang='lat' dir='ltr'>videbas,</span> 
     </span>
     <span class='ocr_line' id='line_1_7' title="bbox 279 632 1668 695; baseline -0.007 -11"><span class='ocrx_word' id='word_1_41' title='bbox 279 643 326 684; x_wconf 90' lang='lat' dir='ltr'>Is</span> <span class='ocrx_word' id='word_1_42' title='bbox 346 643 485 695; x_wconf 81' lang='lat' dir='ltr'>fugiet</span> <span class='ocrx_word' id='word_1_43' title='bbox 505 643 623 684; x_wconf 82' lang='lat' dir='ltr'>visus</span> <span class='ocrx_word' id='word_1_44' title='bbox 643 646 772 683; x_wconf 79' lang='lat' dir='ltr'>nocte</span> <span class='ocrx_word' id='word_1_45' title='bbox 789 632 993 694; x_wconf 83' lang='lat' dir='ltr'>sequente</span> <span class='ocrx_word' id='word_1_46' title='bbox 1013 645 1128 681; x_wconf 86' lang='lat' dir='ltr'>tuos.</span> <span class='ocrx_word' id='word_1_47' title='bbox 1612 633 1668 674; x_wconf 84' lang='lat'>80</span> 
     </span>
     <span class='ocr_line' id='line_1_8' title="bbox 223 707 1219 752; baseline -0.005 -1"><span class='ocrx_word' id='word_1_48' title='bbox 223 711 310 752; x_wconf 89' lang='lat' dir='ltr'>Seu</span> <span class='ocrx_word' id='word_1_49' title='bbox 328 709 412 750; x_wconf 83' lang='lat' dir='ltr'>fuit</span> <span class='ocrx_word' id='word_1_50' title='bbox 426 710 612 751; x_wconf 86' lang='lat' dir='ltr'>occultis</span> <span class='ocrx_word' id='word_1_51' title='bbox 630 710 738 750; x_wconf 85' lang='lat' dir='ltr'>felix</span> <span class='ocrx_word' id='word_1_52' title='bbox 758 709 803 748; x_wconf 91' lang='lat' dir='ltr'>in</span> <span class='ocrx_word' id='word_1_53' title='bbox 822 709 1043 750; x_wconf 86' lang='lat' dir='ltr'>amoribus</span> <span class='ocrx_word' id='word_1_54' title='bbox 1060 707 1193 748; x_wconf 82' lang='lat' dir='ltr'>index</span> <span class='ocrx_word' id='word_1_55' title='bbox 1210 719 1219 747; x_wconf 80' lang='lat' dir='ltr'>t</span> 
     </span>
     <span class='ocr_line' id='line_1_9' title="bbox 280 775 1285 827; baseline -0.003 -10"><span class='ocrx_word' id='word_1_56' title='bbox 280 777 473 818; x_wconf 80' lang='lat' dir='ltr'>Lesbida.</span> <span class='ocrx_word' id='word_1_57' title='bbox 495 790 592 816; x_wconf 85' lang='lat' dir='ltr'>eum</span> <span class='ocrx_word' id='word_1_58' title='bbox 618 777 797 816; x_wconf 88' lang='lat' dir='ltr'>domino</span> <span class='ocrx_word' id='word_1_59' title='bbox 819 789 898 816; x_wconf 86' lang='lat' dir='ltr'>seu</span> <span class='ocrx_word' id='word_1_60' title='bbox 919 776 1019 816; x_wconf 86' lang='lat' dir='ltr'>tulit</span> <span class='ocrx_word' id='word_1_61' title='bbox 1038 775 1111 816; x_wconf 90' lang='lat' dir='ltr'>ille</span> <span class='ocrx_word' id='word_1_62' title='bbox 1131 776 1285 827; x_wconf 81' lang='lat' dir='ltr'>lyram.</span> 
     </span>
     <span class='ocr_line' id='line_1_10' title="bbox 227 840 1395 895; baseline -0.003 -11"><span class='ocrx_word' id='word_1_63' title='bbox 227 844 357 893; x_wconf 86' lang='lat' dir='ltr'>Quod</span> <span class='ocrx_word' id='word_1_64' title='bbox 377 856 494 883; x_wconf 77' lang='lat' dir='ltr'>mare</span> <span class='ocrx_word' id='word_1_65' title='bbox 515 855 600 882; x_wconf 87' lang='lat' dir='ltr'>non</span> <span class='ocrx_word' id='word_1_66' title='bbox 619 843 754 891; x_wconf 90' lang='lat' dir='ltr'>novit,</span> <span class='ocrx_word' id='word_1_67' title='bbox 778 855 877 895; x_wconf 86' lang='lat' dir='ltr'>quae</span> <span class='ocrx_word' id='word_1_68' title='bbox 893 842 1031 881; x_wconf 84' lang='lat' dir='ltr'>nescit</span> <span class='ocrx_word' id='word_1_69' title='bbox 1049 840 1218 881; x_wconf 79' lang='lat' dir='ltr'>Ariona</span> <span class='ocrx_word' id='word_1_70' title='bbox 1236 840 1395 882; x_wconf 67' lang='lat' dir='ltr'>tellus?</span> 
     </span>
     <span class='ocr_line' id='line_1_11' title="bbox 284 907 1194 960; baseline -0.003 -10"><span class='ocrx_word' id='word_1_71' title='bbox 284 910 483 950; x_wconf 81' lang='lat' dir='ltr'>Carmine</span> <span class='ocrx_word' id='word_1_72' title='bbox 505 911 727 948; x_wconf 82' lang='lat' dir='ltr'>currentes</span> <span class='ocrx_word' id='word_1_73' title='bbox 747 908 822 948; x_wconf 89' lang='lat' dir='ltr'>ille</span> <span class='ocrx_word' id='word_1_74' title='bbox 844 907 1022 948; x_wconf 87' lang='lat' dir='ltr'>tenebat</span> <span class='ocrx_word' id='word_1_75' title='bbox 1042 919 1194 960; x_wconf 83' lang='lat' dir='ltr'>aquas.</span> 
     </span>
     <span class='ocr_line' id='line_1_12' title="bbox 229 970 1678 1030; baseline -0.004 -13"><span class='ocrx_word' id='word_1_76' title='bbox 229 978 374 1030; x_wconf 86' lang='lat' dir='ltr'>Saepe,</span> <span class='ocrx_word' id='word_1_77' title='bbox 396 987 582 1028; x_wconf 86' lang='lat' dir='ltr'>sequens</span> <span class='ocrx_word' id='word_1_78' title='bbox 605 987 780 1027; x_wconf 80' lang='lat' dir='ltr'>agnam,</span> <span class='ocrx_word' id='word_1_79' title='bbox 801 974 931 1028; x_wconf 85' lang='lat' dir='ltr'>lupus</span> <span class='ocrx_word' id='word_1_80' title='bbox 952 979 1019 1015; x_wconf 89' lang='lat' dir='ltr'>est</span> <span class='ocrx_word' id='word_1_81' title='bbox 1037 973 1121 1014; x_wconf 85' lang='lat' dir='ltr'>hac</span> <span class='ocrx_word' id='word_1_82' title='bbox 1141 986 1248 1014; x_wconf 88' lang='lat' dir='ltr'>voce</span> <span class='ocrx_word' id='word_1_83' title='bbox 1267 975 1486 1015; x_wconf 86' lang='lat' dir='ltr'>retentus:</span> <span class='ocrx_word' id='word_1_84' title='bbox 1621 970 1678 1012; x_wconf 82' lang='lat'>85</span> 
     </span>
     <span class='ocr_line' id='line_1_13' title="bbox 285 1041 1304 1096; baseline -0.002 -12"><span class='ocrx_word' id='word_1_85' title='bbox 285 1044 414 1096; x_wconf 85' lang='lat' dir='ltr'>Saepe</span> <span class='ocrx_word' id='word_1_86' title='bbox 437 1042 615 1082; x_wconf 86' lang='lat' dir='ltr'>avidum</span> <span class='ocrx_word' id='word_1_87' title='bbox 633 1041 803 1094; x_wconf 85' lang='lat' dir='ltr'>fugiens</span> <span class='ocrx_word' id='word_1_88' title='bbox 824 1041 979 1083; x_wconf 87' lang='lat' dir='ltr'>restitit</span> <span class='ocrx_word' id='word_1_89' title='bbox 1000 1054 1112 1094; x_wconf 84' lang='lat' dir='ltr'>agna</span> <span class='ocrx_word' id='word_1_90' title='bbox 1129 1041 1304 1095; x_wconf 84' lang='lat' dir='ltr'>lupum:</span> 
     </span>
    </p>
   </div>
   <div class='ocr_carea' id='block_1_3' title="bbox 227 1159 1685 1458">
    <p class='ocr_par' dir='ltr' id='par_1_3' title="bbox 227 1159 1685 1458">
     <span class='ocr_line' id='line_1_14' title="bbox 227 1159 1682 1204; baseline -0.003 -9"><span class='ocrx_word' id='word_1_91' title='bbox 227 1173 364 1203; x_wconf 72' lang='lat' dir='ltr'>gemmea</span> <span class='ocrx_word' id='word_1_92' title='bbox 379 1165 463 1204; x_wconf 71' lang='lat' dir='ltr'>equis</span> <span class='ocrx_word' id='word_1_93' title='bbox 476 1164 649 1204; x_wconf 72' lang='lat' dir='ltr'>purpureis,</span> <span class='ocrx_word' id='word_1_94' title='bbox 669 1164 724 1194; x_wconf 81' lang='lat' dir='ltr'>illa</span> <span class='ocrx_word' id='word_1_95' title='bbox 748 1166 835 1194; x_wconf 85' lang='lat' dir='ltr'>nocte</span> <span class='ocrx_word' id='word_1_96' title='bbox 850 1162 1001 1203; x_wconf 79' lang='lat' dir='ltr'>quispiam</span> <span class='ocrx_word' id='word_1_97' title='bbox 1016 1162 1124 1193; x_wconf 85' lang='lat' dir='ltr'>tollens</span> <span class='ocrx_word' id='word_1_98' title='bbox 1143 1172 1176 1192; x_wconf 84' lang='lat' dir='ltr'>os</span> <span class='ocrx_word' id='word_1_99' title='bbox 1191 1163 1231 1192; x_wconf 85' lang='lat' dir='ltr'>ad</span> <span class='ocrx_word' id='word_1_100' title='bbox 1245 1165 1331 1192; x_wconf 80' lang='lat' dir='ltr'>astra</span> <span class='ocrx_word' id='word_1_101' title='bbox 1345 1162 1438 1199; x_wconf 82' lang='lat' dir='ltr'>dicet,</span> <span class='ocrx_word' id='word_1_102' title='bbox 1458 1160 1519 1192; x_wconf 80' lang='lat' dir='ltr'>Ubi</span> <span class='ocrx_word' id='word_1_103' title='bbox 1533 1163 1577 1191; x_wconf 80' lang='lat' dir='ltr'>est</span> <span class='ocrx_word' id='word_1_104' title='bbox 1591 1159 1682 1190; x_wconf 76' lang='lat' dir='ltr'>hodie</span> 
     </span>
     <span class='ocr_line' id='line_1_15' title="bbox 232 1202 1683 1247; baseline -0.003 -10"><span class='ocrx_word' id='word_1_105' title='bbox 232 1208 327 1247; x_wconf 67' lang='lat' dir='ltr'>hyra,</span> <span class='ocrx_word' id='word_1_106' title='bbox 342 1216 408 1246; x_wconf 82' lang='lat' dir='ltr'>quoe</span> <span class='ocrx_word' id='word_1_107' title='bbox 432 1207 538 1236; x_wconf 82' lang='lat' dir='ltr'>micuit</span> <span class='ocrx_word' id='word_1_108' title='bbox 555 1204 646 1236; x_wconf 78' lang='lat' dir='ltr'>heri?</span> <span class='ocrx_word' id='word_1_109' title='bbox 693 1207 738 1235; x_wconf 88' lang='lat' dir='ltr'>Et</span> <span class='ocrx_word' id='word_1_110' title='bbox 765 1207 837 1236; x_wconf 83' lang='lat' dir='ltr'>dum</span> <span class='ocrx_word' id='word_1_111' title='bbox 860 1207 975 1244; x_wconf 80' lang='lat' dir='ltr'>quaeret</span> <span class='ocrx_word' id='word_1_112' title='bbox 1000 1205 1129 1244; x_wconf 81' lang='lat' dir='ltr'><strong><em>Lyram,</em></strong></span> <span class='ocrx_word' id='word_1_113' title='bbox 1157 1204 1327 1234; x_wconf 70' lang='lat' dir='ltr'>observabit</span> <span class='ocrx_word' id='word_1_114' title='bbox 1351 1205 1446 1234; x_wconf 81' lang='lat' dir='ltr'>etiam</span> <span class='ocrx_word' id='word_1_115' title='bbox 1466 1207 1555 1242; x_wconf 80' lang='lat' dir='ltr'>terga</span> <span class='ocrx_word' id='word_1_116' title='bbox 1572 1202 1683 1233; x_wconf 75' lang='lat' dir='ltr'>Leonis</span> 
     </span>
     <span class='ocr_line' id='line_1_16' title="bbox 230 1244 1682 1288; baseline -0.004 -9"><span class='ocrx_word' id='word_1_117' title='bbox 230 1249 324 1279; x_wconf 70' lang='lat' dir='ltr'>vnediz&#39;</span> <span class='ocrx_word' id='word_1_118' title='bbox 339 1252 461 1288; x_wconf 86' lang='lat' dir='ltr'>repente</span> <span class='ocrx_word' id='word_1_119' title='bbox 479 1249 602 1278; x_wconf 82' lang='lat' dir='ltr'>condita</span> <span class='ocrx_word' id='word_1_120' title='bbox 623 1249 655 1277; x_wconf 89' lang='lat' dir='ltr'>in</span> <span class='ocrx_word' id='word_1_121' title='bbox 679 1249 776 1278; x_wconf 80' lang='lat' dir='ltr'>undas</span> <span class='ocrx_word' id='word_1_122' title='bbox 781 1247 911 1286; x_wconf 76' lang='lat' dir='ltr'>fluidas.</span> <span class='ocrx_word' id='word_1_123' title='bbox 1003 1247 1099 1277; x_wconf 81' lang='lat' dir='ltr'>Nocte</span> <span class='ocrx_word' id='word_1_124' title='bbox 1113 1249 1255 1285; x_wconf 77' lang='lat' dir='ltr'>sequente</span> <span class='ocrx_word' id='word_1_125' title='bbox 1269 1246 1418 1285; x_wconf 78' lang='lat' dir='ltr'>Delphin,</span> <span class='ocrx_word' id='word_1_126' title='bbox 1440 1255 1525 1285; x_wconf 80' lang='lat' dir='ltr'>quem</span> <span class='ocrx_word' id='word_1_127' title='bbox 1540 1244 1682 1275; x_wconf 81' lang='lat' dir='ltr'>cernebas</span> 
     </span>
     <span class='ocr_line' id='line_1_17' title="bbox 232 1286 1683 1327; baseline -0.004 -6"><span class='ocrx_word' id='word_1_128' title='bbox 232 1293 317 1321; x_wconf 75' lang='lat' dir='ltr'>modo</span> <span class='ocrx_word' id='word_1_129' title='bbox 329 1292 507 1321; x_wconf 82' lang='lat' dir='ltr'>distinctum</span> <span class='ocrx_word' id='word_1_130' title='bbox 520 1290 628 1327; x_wconf 84' lang='lat' dir='ltr'>stellis,</span> <span class='ocrx_word' id='word_1_131' title='bbox 640 1290 667 1319; x_wconf 81' lang='lat' dir='ltr'>is</span> <span class='ocrx_word' id='word_1_132' title='bbox 676 1290 849 1319; x_wconf 82' lang='lat' dir='ltr'>subtractus</span> <span class='ocrx_word' id='word_1_133' title='bbox 861 1289 919 1320; x_wconf 81' lang='lat' dir='ltr'>erit</span> <span class='ocrx_word' id='word_1_134' title='bbox 931 1289 1026 1319; x_wconf 78' lang='lat' dir='ltr'>oculis</span> <span class='ocrx_word' id='word_1_135' title='bbox 1037 1289 1110 1319; x_wconf 81' lang='lat' dir='ltr'>tuis.</span> <span class='ocrx_word' id='word_1_136' title='bbox 1126 1288 1200 1318; x_wconf 83' lang='lat' dir='ltr'>Sive</span> <span class='ocrx_word' id='word_1_137' title='bbox 1203 1287 1269 1325; x_wconf 83' lang='lat' dir='ltr'>fnit</span> <span class='ocrx_word' id='word_1_138' title='bbox 1275 1287 1362 1325; x_wconf 79' lang='lat' dir='ltr'>felix</span> <span class='ocrx_word' id='word_1_139' title='bbox 1373 1289 1468 1318; x_wconf 74' lang='lat' dir='ltr'>index</span> <span class='ocrx_word' id='word_1_140' title='bbox 1484 1288 1515 1317; x_wconf 86' lang='lat' dir='ltr'>in</span> <span class='ocrx_word' id='word_1_141' title='bbox 1528 1286 1683 1317; x_wconf 76' lang='lat' dir='ltr'>umoribus</span> 
     </span>
     <span class='ocr_line' id='line_1_18' title="bbox 231 1330 1685 1372; baseline -0.003 -9"><span class='ocrx_word' id='word_1_142' title='bbox 231 1333 451 1369; x_wconf 76' lang='lat' dir='ltr'>secretis;sz&#39;ve</span> <span class='ocrx_word' id='word_1_143' title='bbox 463 1333 512 1362; x_wconf 80' lang='lat' dir='ltr'>ille</span> <span class='ocrx_word' id='word_1_144' title='bbox 521 1334 606 1362; x_wconf 67' lang='lat' dir='ltr'>vexit</span> <span class='ocrx_word' id='word_1_145' title='bbox 618 1333 718 1372; x_wconf 80' lang='lat' dir='ltr'>lyram</span> <span class='ocrx_word' id='word_1_146' title='bbox 728 1331 867 1362; x_wconf 85' lang='lat' dir='ltr'>Lesbiam</span> <span class='ocrx_word' id='word_1_147' title='bbox 879 1341 947 1362; x_wconf 80' lang='lat' dir='ltr'>cum</span> <span class='ocrx_word' id='word_1_148' title='bbox 959 1332 1090 1363; x_wconf 82' lang='lat' dir='ltr'>domino.</span> <span class='ocrx_word' id='word_1_149' title='bbox 1132 1331 1221 1366; x_wconf 83' lang='lat' dir='ltr'>Quod</span> <span class='ocrx_word' id='word_1_150' title='bbox 1241 1340 1324 1360; x_wconf 81' lang='lat' dir='ltr'>mare</span> <span class='ocrx_word' id='word_1_151' title='bbox 1346 1330 1482 1369; x_wconf 79' lang='lat' dir='ltr'>ignorat,</span> <span class='ocrx_word' id='word_1_152' title='bbox 1507 1339 1574 1369; x_wconf 78' lang='lat' dir='ltr'>qnae</span> <span class='ocrx_word' id='word_1_153' title='bbox 1598 1331 1685 1359; x_wconf 78' lang='lat' dir='ltr'>terra</span> 
     </span>
     <span class='ocr_line' id='line_1_19' title="bbox 232 1373 1684 1415; baseline -0.003 -9"><span class='ocrx_word' id='word_1_154' title='bbox 232 1376 328 1406; x_wconf 82' lang='lat' dir='ltr'>nescit</span> <span class='ocrx_word' id='word_1_155' title='bbox 341 1373 512 1406; x_wconf 79' lang='lat' dir='ltr'>Arionem?</span> <span class='ocrx_word' id='word_1_156' title='bbox 538 1375 596 1405; x_wconf 86' lang='lat' dir='ltr'>Ille</span> <span class='ocrx_word' id='word_1_157' title='bbox 607 1374 735 1404; x_wconf 77' lang='lat' dir='ltr'>sistebat</span> <span class='ocrx_word' id='word_1_158' title='bbox 746 1373 980 1415; x_wconf 78' lang='lat' dir='ltr'>aquasfluentes</span> <span class='ocrx_word' id='word_1_159' title='bbox 992 1373 1139 1404; x_wconf 69' lang='lat' dir='ltr'>versibus.</span> <span class='ocrx_word' id='word_1_160' title='bbox 1170 1373 1259 1412; x_wconf 81' lang='lat' dir='ltr'>Saepe</span> <span class='ocrx_word' id='word_1_161' title='bbox 1272 1374 1359 1412; x_wconf 78' lang='lat' dir='ltr'>lupus</span> <span class='ocrx_word' id='word_1_162' title='bbox 1373 1382 1496 1412; x_wconf 80' lang='lat' dir='ltr'>sequens</span> <span class='ocrx_word' id='word_1_163' title='bbox 1509 1381 1621 1410; x_wconf 76' lang='lat' dir='ltr'>agnam</span> <span class='ocrx_word' id='word_1_164' title='bbox 1637 1380 1684 1401; x_wconf 90' lang='lat' dir='ltr'>re·</span> 
     </span>
     <span class='ocr_line' id='line_1_20' title="bbox 230 1414 1684 1458; baseline -0.005 -9"><span class='ocrx_word' id='word_1_165' title='bbox 230 1428 353 1458; x_wconf 77' lang='lat' dir='ltr'>pressus</span> <span class='ocrx_word' id='word_1_166' title='bbox 363 1421 408 1448; x_wconf 86' lang='lat' dir='ltr'>est</span> <span class='ocrx_word' id='word_1_167' title='bbox 422 1418 476 1447; x_wconf 81' lang='lat' dir='ltr'>hoc</span> <span class='ocrx_word' id='word_1_168' title='bbox 487 1427 575 1447; x_wconf 83' lang='lat' dir='ltr'>sono:</span> <span class='ocrx_word' id='word_1_169' title='bbox 588 1426 667 1456; x_wconf 81' lang='lat' dir='ltr'>saepe</span> <span class='ocrx_word' id='word_1_170' title='bbox 678 1426 758 1455; x_wconf 85' lang='lat' dir='ltr'>agna</span> <span class='ocrx_word' id='word_1_171' title='bbox 768 1416 870 1446; x_wconf 76' lang='lat' dir='ltr'>vitans</span> <span class='ocrx_word' id='word_1_172' title='bbox 881 1415 1169 1454; x_wconf 81' lang='lat' dir='ltr'>lupumsamelicum</span> <span class='ocrx_word' id='word_1_173' title='bbox 1176 1415 1325 1446; x_wconf 73' lang='lat' dir='ltr'>constitit.</span> <span class='ocrx_word' id='word_1_174' title='bbox 1348 1414 1436 1455; x_wconf 83' lang='lat' dir='ltr'>Soepe</span> <span class='ocrx_word' id='word_1_175' title='bbox 1445 1424 1533 1445; x_wconf 77' lang='lat' dir='ltr'>canes</span> <span class='ocrx_word' id='word_1_176' title='bbox 1544 1416 1634 1453; x_wconf 78' lang='lat' dir='ltr'>atque</span> <span class='ocrx_word' id='word_1_177' title='bbox 1644 1414 1684 1443; x_wconf 86' lang='lat' dir='ltr'>Ie·</span> 
     </span>
    </p>
   </div>
   <div class='ocr_carea' id='block_1_4' title="bbox 915 1264 998 1269">
    <p class='ocr_par' dir='ltr' id='par_1_4' title="bbox 915 1264 998 1269">
     <span class='ocr_line' id='line_1_21' title="bbox 915 1264 998 1269; baseline 0 0"><span class='ocrx_word' id='word_1_178' title='bbox 915 1264 998 1269; x_wconf 95' lang='lat' dir='ltr'> </span> 
     </span>
    </p>
   </div>
   <div class='ocr_carea' id='block_1_5' title="bbox 844 1508 1074 1520">
    <p class='ocr_par' dir='ltr' id='par_1_5' title="bbox 844 1508 1074 1520">
     <span class='ocr_line' id='line_1_22' title="bbox 844 1508 1074 1520; baseline 0 -1"><span class='ocrx_word' id='word_1_179' title='bbox 844 1509 937 1520; x_wconf 61' lang='lat' dir='ltr'>oea-oo</span> <span class='ocrx_word' id='word_1_180' title='bbox 941 1508 995 1519; x_wconf 70' lang='grc' dir='ltr'>οΝ</span> <span class='ocrx_word' id='word_1_181' title='bbox 999 1508 1074 1519; x_wconf 60' lang='lat' dir='ltr'>oete</span> 
     </span>
    </p>
   </div>
   <div class='ocr_carea' id='block_1_6' title="bbox 235 1569 1690 1741">
    <p class='ocr_par' dir='ltr' id='par_1_6' title="bbox 235 1569 1690 1741">
     <span class='ocr_line' id='line_1_23' title="bbox 238 1569 1687 1613; baseline -0.002 -9"><span class='ocrx_word' id='word_1_182' title='bbox 238 1575 330 1604; x_wconf 90' lang='lat' dir='ltr'>Unus</span> <span class='ocrx_word' id='word_1_183' title='bbox 348 1573 389 1604; x_wconf 88' lang='lat' dir='ltr'>R.</span> <span class='ocrx_word' id='word_1_184' title='bbox 406 1583 466 1612; x_wconf 86' lang='lat' dir='ltr'>pro</span> <span class='ocrx_word' id='word_1_185' title='bbox 489 1583 558 1604; x_wconf 82' lang='lat' dir='ltr'>var.</span> <span class='ocrx_word' id='word_1_186' title='bbox 583 1574 663 1604; x_wconf 84' lang='lat' dir='ltr'>lect.</span> <span class='ocrx_word' id='word_1_187' title='bbox 699 1573 796 1611; x_wconf 82' lang='lat' dir='ltr'>Ignea</span> <span class='ocrx_word' id='word_1_188' title='bbox 821 1583 913 1613; x_wconf 80' lang='lat' dir='ltr'>purp.</span> <span class='ocrx_word' id='word_1_189' title='bbox 949 1572 1084 1603; x_wconf 88' lang='lat' dir='ltr'>Deinde</span> <span class='ocrx_word' id='word_1_190' title='bbox 1101 1572 1156 1604; x_wconf 84' lang='lat' dir='ltr'>Fr.</span> <span class='ocrx_word' id='word_1_191' title='bbox 1168 1572 1240 1611; x_wconf 80' lang='lat' dir='ltr'><strong><em>jug.</em></strong></span> <span class='ocrx_word' id='word_1_192' title='bbox 1263 1573 1363 1603; x_wconf 85' lang='lat' dir='ltr'>demet</span> <span class='ocrx_word' id='word_1_193' title='bbox 1386 1574 1517 1611; x_wconf 81' lang='lat' dir='ltr'>eq.—75</span> <span class='ocrx_word' id='word_1_194' title='bbox 1542 1569 1687 1602; x_wconf 80' lang='lat' dir='ltr'>Plurimi</span> 
     </span>
     <span class='ocr_line' id='line_1_24' title="bbox 235 1614 1689 1654; baseline -0.002 -8"><span class='ocrx_word' id='word_1_195' title='bbox 235 1617 293 1647; x_wconf 80' lang='lat' dir='ltr'>sid.</span> <span class='ocrx_word' id='word_1_196' title='bbox 310 1617 507 1646; x_wconf 47' lang='grc' dir='ltr'>Μαίης-76</span> <span class='ocrx_word' id='word_1_197' title='bbox 532 1615 617 1646; x_wconf 84' lang='lat' dir='ltr'>Here</span> <span class='ocrx_word' id='word_1_198' title='bbox 632 1616 833 1654; x_wconf 80' lang='lat' dir='ltr'>Vaticanus,</span> <span class='ocrx_word' id='word_1_199' title='bbox 850 1621 888 1646; x_wconf 89' lang='lat' dir='ltr'>ut</span> <span class='ocrx_word' id='word_1_200' title='bbox 904 1615 1020 1646; x_wconf 84' lang='lat' dir='ltr'>Amor.</span> <span class='ocrx_word' id='word_1_201' title='bbox 1037 1623 1062 1645; x_wconf 90' lang='lat'>1.</span> <span class='ocrx_word' id='word_1_202' title='bbox 1079 1615 1147 1645; x_wconf 90' lang='lat' dir='ltr'>viii.</span> <span class='ocrx_word' id='word_1_203' title='bbox 1163 1617 1215 1646; x_wconf 80' lang='lat'>23.</span> <span class='ocrx_word' id='word_1_204' title='bbox 1239 1615 1290 1645; x_wconf 89' lang='lat' dir='ltr'>hic</span> <span class='ocrx_word' id='word_1_205' title='bbox 1314 1620 1425 1645; x_wconf 82' lang='lat' dir='ltr'>tamen</span> <span class='ocrx_word' id='word_1_206' title='bbox 1453 1614 1518 1644; x_wconf 81' lang='lat' dir='ltr'>heri</span> <span class='ocrx_word' id='word_1_207' title='bbox 1543 1614 1689 1651; x_wconf 77' lang='lat' dir='ltr'>retineo,</span> 
     </span>
     <span class='ocr_line' id='line_1_25' title="bbox 238 1656 1689 1698; baseline -0.001 -10"><span class='ocrx_word' id='word_1_208' title='bbox 238 1669 279 1688; x_wconf 81' lang='lat' dir='ltr'>ne</span> <span class='ocrx_word' id='word_1_209' title='bbox 302 1657 527 1698; x_wconf 84' lang='lat' dir='ltr'>rhythmicum</span> <span class='ocrx_word' id='word_1_210' title='bbox 555 1668 671 1688; x_wconf 89' lang='lat' dir='ltr'>sonum</span> <span class='ocrx_word' id='word_1_211' title='bbox 698 1656 826 1688; x_wconf 84' lang='lat' dir='ltr'>faciant</span> <span class='ocrx_word' id='word_1_212' title='bbox 848 1658 936 1688; x_wconf 80' lang='lat' dir='ltr'>hodie</span> <span class='ocrx_word' id='word_1_213' title='bbox 951 1663 987 1688; x_wconf 91' lang='lat' dir='ltr'>et</span> <span class='ocrx_word' id='word_1_214' title='bbox 1002 1658 1082 1688; x_wconf 83' lang='lat' dir='ltr'>here.</span> <span class='ocrx_word' id='word_1_215' title='bbox 1106 1658 1310 1688; x_wconf 82' lang='lat' dir='ltr'>Burm.-—77</span> <span class='ocrx_word' id='word_1_216' title='bbox 1335 1656 1404 1687; x_wconf 87' lang='lat' dir='ltr'>Alii</span> <span class='ocrx_word' id='word_1_217' title='bbox 1428 1657 1503 1696; x_wconf 87' lang='lat' dir='ltr'>Lyr.</span> <span class='ocrx_word' id='word_1_218' title='bbox 1521 1657 1689 1695; x_wconf 67' lang='lat' dir='ltr'>quaerit.—</span> 
     </span>
     <span class='ocr_line' id='line_1_26' title="bbox 238 1699 1690 1741; baseline -0.002 -10"><span class='ocrx_word' id='word_1_219' title='bbox 238 1704 278 1731; x_wconf 66' lang='lat'>7&amp;</span> <span class='ocrx_word' id='word_1_220' title='bbox 303 1700 463 1731; x_wconf 77' lang='lat' dir='ltr'>Nonnuili</span> <span class='ocrx_word' id='word_1_221' title='bbox 481 1709 570 1730; x_wconf 82' lang='lat' dir='ltr'>mers.</span> <span class='ocrx_word' id='word_1_222' title='bbox 590 1700 703 1731; x_wconf 77' lang='lat' dir='ltr'>videbit</span> <span class='ocrx_word' id='word_1_223' title='bbox 719 1703 852 1741; x_wconf 62' lang='grc' dir='ltr'><strong>(ιφ-79</strong></span> <span class='ocrx_word' id='word_1_224' title='bbox 869 1700 946 1731; x_wconf 84' lang='lat' dir='ltr'>Pet.</span> <span class='ocrx_word' id='word_1_225' title='bbox 961 1710 980 1730; x_wconf 90' lang='lat' dir='ltr'>a</span> <span class='ocrx_word' id='word_1_226' title='bbox 996 1710 1084 1730; x_wconf 87' lang='lat' dir='ltr'>man.</span> <span class='ocrx_word' id='word_1_227' title='bbox 1103 1710 1151 1740; x_wconf 82' lang='lat' dir='ltr'>pr.</span> <span class='ocrx_word' id='word_1_228' title='bbox 1166 1701 1230 1731; x_wconf 89' lang='lat' dir='ltr'><strong><em>coel.</em></strong></span> <span class='ocrx_word' id='word_1_229' title='bbox 1245 1701 1349 1730; x_wconf 77' lang='lat' dir='ltr'>stellas</span> <span class='ocrx_word' id='word_1_230' title='bbox 1364 1701 1493 1730; x_wconf 81' lang='grc'>0.-80</span> <span class='ocrx_word' id='word_1_231' title='bbox 1507 1699 1549 1729; x_wconf 91' lang='lat' dir='ltr'>P.</span> <span class='ocrx_word' id='word_1_232' title='bbox 1561 1699 1690 1729; x_wconf 86' lang='lat' dir='ltr'>Thuan.</span> 
     </span>
    </p>
   </div>
   <div class='ocr_carea' id='block_1_7' title="bbox 239 1741 1692 1869">
    <p class='ocr_par' dir='ltr' id='par_1_7' title="bbox 239 1741 1692 1869">
     <span class='ocr_line' id='line_1_27' title="bbox 239 1741 1690 1783; baseline -0.001 -9"><span class='ocrx_word' id='word_1_233' title='bbox 239 1748 274 1774; x_wconf 81' lang='lat' dir='ltr'>et</span> <span class='ocrx_word' id='word_1_234' title='bbox 296 1743 385 1774; x_wconf 81' lang='lat' dir='ltr'>Mor.</span> <span class='ocrx_word' id='word_1_235' title='bbox 413 1742 557 1783; x_wconf 82' lang='lat' dir='ltr'>Effugiet</span> <span class='ocrx_word' id='word_1_236' title='bbox 586 1743 731 1773; x_wconf 73' lang='lat' dir='ltr'>vis.——S2</span> <span class='ocrx_word' id='word_1_237' title='bbox 754 1744 901 1774; x_wconf 83' lang='lat' dir='ltr'>Strozzae</span> <span class='ocrx_word' id='word_1_238' title='bbox 930 1743 1016 1773; x_wconf 80' lang='lat' dir='ltr'>liber</span> <span class='ocrx_word' id='word_1_239' title='bbox 1042 1748 1077 1773; x_wconf 85' lang='lat' dir='ltr'>et</span> <span class='ocrx_word' id='word_1_240' title='bbox 1110 1743 1256 1783; x_wconf 86' lang='lat' dir='ltr'>quinque</span> <span class='ocrx_word' id='word_1_241' title='bbox 1287 1742 1342 1773; x_wconf 84' lang='lat' dir='ltr'>alii</span> <span class='ocrx_word' id='word_1_242' title='bbox 1368 1742 1545 1773; x_wconf 77' lang='lat' dir='ltr'>Lesbz&#39;acum</span> <span class='ocrx_word' id='word_1_243' title='bbox 1573 1741 1690 1772; x_wconf 77' lang='lat' dir='ltr'>domin.</span> 
     </span>
     <span class='ocr_line' id='line_1_28' title="bbox 239 1783 1690 1825; baseline -0.002 -9"><span class='ocrx_word' id='word_1_244' title='bbox 239 1788 323 1816; x_wconf 73' lang='lat' dir='ltr'>-—z·34</span> <span class='ocrx_word' id='word_1_245' title='bbox 347 1786 384 1817; x_wconf 83' lang='lat' dir='ltr'>F.</span> <span class='ocrx_word' id='word_1_246' title='bbox 415 1791 449 1816; x_wconf 89' lang='lat' dir='ltr'>et</span> <span class='ocrx_word' id='word_1_247' title='bbox 490 1786 531 1816; x_wconf 87' lang='lat' dir='ltr'>V.</span> <span class='ocrx_word' id='word_1_248' title='bbox 572 1787 675 1816; x_wconf 81' lang='lat' dir='ltr'>Carm.</span> <span class='ocrx_word' id='word_1_249' title='bbox 717 1789 867 1816; x_wconf 81' lang='lat' dir='ltr'>torrentes</span> <span class='ocrx_word' id='word_1_250' title='bbox 896 1786 1028 1816; x_wconf 81' lang='lat' dir='ltr'>ill.-——S5</span> <span class='ocrx_word' id='word_1_251' title='bbox 1065 1785 1183 1816; x_wconf 82' lang='lat' dir='ltr'>Heius.</span> <span class='ocrx_word' id='word_1_252' title='bbox 1218 1785 1307 1825; x_wconf 89' lang='lat' dir='ltr'>conj.</span> <span class='ocrx_word' id='word_1_253' title='bbox 1348 1785 1426 1820; x_wconf 73' lang='lat' dir='ltr'>hnc5</span> <span class='ocrx_word' id='word_1_254' title='bbox 1463 1790 1499 1815; x_wconf 89' lang='lat' dir='ltr'>et</span> <span class='ocrx_word' id='word_1_255' title='bbox 1522 1783 1575 1814; x_wconf 57' lang='lat' dir='ltr'>sic</span> <span class='ocrx_word' id='word_1_256' title='bbox 1605 1791 1690 1814; x_wconf 86' lang='lat' dir='ltr'>unus</span> 
     </span>
     <span class='ocr_line' id='line_1_29' title="bbox 241 1826 1692 1869; baseline -0.002 -10"><span class='ocrx_word' id='word_1_257' title='bbox 241 1828 283 1859; x_wconf 85' lang='lat' dir='ltr'>V.</span> <span class='ocrx_word' id='word_1_258' title='bbox 322 1829 411 1869; x_wconf 78' lang='lat' dir='ltr'>vulg.</span> <span class='ocrx_word' id='word_1_259' title='bbox 438 1830 553 1859; x_wconf 78' lang='grc' dir='ltr'>α.-86</span> <span class='ocrx_word' id='word_1_260' title='bbox 575 1829 616 1859; x_wconf 90' lang='lat' dir='ltr'>V.</span> <span class='ocrx_word' id='word_1_261' title='bbox 646 1828 829 1869; x_wconf 85' lang='lat' dir='ltr'>Gottorph.</span> <span class='ocrx_word' id='word_1_262' title='bbox 858 1833 893 1859; x_wconf 89' lang='lat' dir='ltr'>et</span> <span class='ocrx_word' id='word_1_263' title='bbox 922 1833 991 1859; x_wconf 81' lang='lat' dir='ltr'>tres</span> <span class='ocrx_word' id='word_1_264' title='bbox 1021 1828 1077 1858; x_wconf 86' lang='lat' dir='ltr'>alii</span> <span class='ocrx_word' id='word_1_265' title='bbox 1102 1827 1177 1867; x_wconf 83' lang='lat' dir='ltr'><strong><em>fug.</em></strong></span> <span class='ocrx_word' id='word_1_266' title='bbox 1198 1828 1324 1868; x_wconf 82' lang='lat' dir='ltr'>respicit</span> <span class='ocrx_word' id='word_1_267' title='bbox 1348 1837 1422 1867; x_wconf 82' lang='lat' dir='ltr'>agn.</span> <span class='ocrx_word' id='word_1_268' title='bbox 1454 1827 1540 1858; x_wconf 86' lang='lat' dir='ltr'>alter</span> <span class='ocrx_word' id='word_1_269' title='bbox 1566 1826 1610 1857; x_wconf 90' lang='lat' dir='ltr'>V.</span> <span class='ocrx_word' id='word_1_270' title='bbox 1643 1834 1692 1856; x_wconf 86' lang='lat' dir='ltr'>re-</span> 
     </span>
    </p>
   </div>
   <div class='ocr_carea' id='block_1_8' title="bbox 892 1908 1036 1939">
    <p class='ocr_par' dir='ltr' id='par_1_8' title="bbox 892 1908 1036 1939">
     <span class='ocr_line' id='line_1_30' title="bbox 892 1908 1036 1939; baseline 0 0"><span class='ocrx_word' id='word_1_271' title='bbox 892 1908 1036 1939; x_wconf 83' lang='lat' dir='ltr'>NOTAE</span> 
     </span>
    </p>
   </div>
   <div class='ocr_carea' id='block_1_9' title="bbox 244 1968 1697 2262">
    <p class='ocr_par' dir='ltr' id='par_1_9' title="bbox 244 1968 1696 2160">
     <span class='ocr_line' id='line_1_31' title="bbox 284 1968 1693 2012; baseline -0.001 -9"><span class='ocrx_word' id='word_1_272' title='bbox 284 1976 323 2003; x_wconf 81' lang='lat'>77</span> <span class='ocrx_word' id='word_1_273' title='bbox 350 1973 466 2012; x_wconf 74' lang='lat' dir='ltr'>Medii]</span> <span class='ocrx_word' id='word_1_274' title='bbox 491 1973 568 2003; x_wconf 89' lang='lat' dir='ltr'>Non</span> <span class='ocrx_word' id='word_1_275' title='bbox 584 1971 670 2002; x_wconf 86' lang='lat' dir='ltr'>enim</span> <span class='ocrx_word' id='word_1_276' title='bbox 686 1975 759 2002; x_wconf 87' lang='lat' dir='ltr'>tota</span> <span class='ocrx_word' id='word_1_277' title='bbox 772 1971 941 2001; x_wconf 79' lang='lat' dir='ltr'>simulant</span> <span class='ocrx_word' id='word_1_278' title='bbox 994 1971 1195 2010; x_wconf 81' lang='lat' dir='ltr'>Delphinus.</span> <span class='ocrx_word' id='word_1_279' title='bbox 1242 1970 1308 2000; x_wconf 90' lang='lat' dir='ltr'>Eas</span> <span class='ocrx_word' id='word_1_280' title='bbox 1330 1978 1407 1999; x_wconf 73' lang='lat' dir='ltr'>vero</span> <span class='ocrx_word' id='word_1_281' title='bbox 1432 1978 1474 1999; x_wconf 89' lang='lat' dir='ltr'>ex</span> <span class='ocrx_word' id='word_1_282' title='bbox 1500 1968 1634 2009; x_wconf 69' lang='lat' dir='ltr'>Hygino</span> <span class='ocrx_word' id='word_1_283' title='bbox 1650 1979 1693 2001; x_wconf 91' lang='lat' dir='ltr'>ne</span> 
     </span>
     <span class='ocr_line' id='line_1_32' title="bbox 244 2020 1693 2063; baseline -0.003 -9"><span class='ocrx_word' id='word_1_284' title='bbox 244 2024 466 2054; x_wconf 79' lang='lat' dir='ltr'>oriunmrant</span> <span class='ocrx_word' id='word_1_285' title='bbox 482 2023 643 2054; x_wconf 86' lang='lat' dir='ltr'>occidunt</span> <span class='ocrx_word' id='word_1_286' title='bbox 659 2022 782 2059; x_wconf 86' lang='lat' dir='ltr'>sidera,</span> <span class='ocrx_word' id='word_1_287' title='bbox 799 2031 941 2063; x_wconf 87' lang='lat' dir='ltr'>quorum</span> <span class='ocrx_word' id='word_1_288' title='bbox 997 2021 1111 2062; x_wconf 84' lang='lat' dir='ltr'>pigeat</span> <span class='ocrx_word' id='word_1_289' title='bbox 1150 2025 1327 2061; x_wconf 85' lang='lat' dir='ltr'>repetere:</span> <span class='ocrx_word' id='word_1_290' title='bbox 1364 2029 1509 2060; x_wconf 88' lang='lat' dir='ltr'>namque</span> <span class='ocrx_word' id='word_1_291' title='bbox 1538 2020 1693 2059; x_wconf 83' lang='lat' dir='ltr'>ineptum</span> 
     </span>
     <span class='ocr_line' id='line_1_33' title="bbox 244 2067 1696 2112; baseline -0.001 -11"><span class='ocrx_word' id='word_1_292' title='bbox 244 2073 297 2102; x_wconf 77' lang='lat' dir='ltr'>vei</span> <span class='ocrx_word' id='word_1_293' title='bbox 317 2073 423 2103; x_wconf 81' lang='lat' dir='ltr'>stellae</span> <span class='ocrx_word' id='word_1_294' title='bbox 451 2074 552 2112; x_wconf 80' lang='lat' dir='ltr'>longe</span> <span class='ocrx_word' id='word_1_295' title='bbox 577 2081 717 2112; x_wconf 85' lang='lat' dir='ltr'>sparsae,</span> <span class='ocrx_word' id='word_1_296' title='bbox 734 2073 787 2103; x_wconf 88' lang='lat' dir='ltr'>vel</span> <span class='ocrx_word' id='word_1_297' title='bbox 802 2072 865 2102; x_wconf 87' lang='lat' dir='ltr'>hoc</span> <span class='ocrx_word' id='word_1_298' title='bbox 884 2077 942 2103; x_wconf 89' lang='lat' dir='ltr'>aut</span> <span class='ocrx_word' id='word_1_299' title='bbox 996 2070 1087 2102; x_wconf 82' lang='lat' dir='ltr'>foret</span> <span class='ocrx_word' id='word_1_300' title='bbox 1115 2071 1216 2102; x_wconf 76' lang='lat' dir='ltr'>libros</span> <span class='ocrx_word' id='word_1_301' title='bbox 1244 2070 1338 2101; x_wconf 84' lang='lat' dir='ltr'>libris</span> <span class='ocrx_word' id='word_1_302' title='bbox 1376 2069 1446 2100; x_wconf 84' lang='lat' dir='ltr'>sine</span> <span class='ocrx_word' id='word_1_303' title='bbox 1483 2068 1550 2100; x_wconf 87' lang='lat' dir='ltr'>fine</span> <span class='ocrx_word' id='word_1_304' title='bbox 1581 2067 1696 2100; x_wconf 82' lang='lat' dir='ltr'>suffar-</span> 
     </span>
     <span class='ocr_line' id='line_1_34' title="bbox 245 2121 1122 2160; baseline 0.002 -8"><span class='ocrx_word' id='word_1_305' title='bbox 245 2123 300 2152; x_wconf 86' lang='lat' dir='ltr'>illo</span> <span class='ocrx_word' id='word_1_306' title='bbox 312 2122 410 2152; x_wconf 90' lang='lat' dir='ltr'>modo</span> <span class='ocrx_word' id='word_1_307' title='bbox 428 2121 615 2160; x_wconf 73' lang='lat' dir='ltr'>dispositae.</span> <span class='ocrx_word' id='word_1_308' title='bbox 996 2123 1122 2154; x_wconf 84' lang='lat' dir='ltr'>cinare.</span> 
     </span>
    </p>

    <p class='ocr_par' dir='ltr' id='par_1_10' title="bbox 246 2171 1697 2262">
     <span class='ocr_line' id='line_1_35' title="bbox 286 2171 1696 2212; baseline 0 -9"><span class='ocrx_word' id='word_1_309' title='bbox 286 2174 328 2203; x_wconf 77' lang='lat'>78</span> <span class='ocrx_word' id='word_1_310' title='bbox 354 2171 478 2210; x_wconf 78' lang='lat' dir='ltr'>Subito]</span> <span class='ocrx_word' id='word_1_311' title='bbox 503 2171 590 2203; x_wconf 81' lang='lat' dir='ltr'>Quia</span> <span class='ocrx_word' id='word_1_312' title='bbox 604 2172 700 2212; x_wconf 86' lang='lat' dir='ltr'>Lyrae</span> <span class='ocrx_word' id='word_1_313' title='bbox 714 2181 789 2202; x_wconf 91' lang='lat' dir='ltr'>cum</span> <span class='ocrx_word' id='word_1_314' title='bbox 801 2181 942 2203; x_wconf 84' lang='lat' dir='ltr'>occasus</span> <span class='ocrx_word' id='word_1_315' title='bbox 1041 2172 1156 2212; x_wconf 75' lang='lat' dir='ltr'>Index]</span> <span class='ocrx_word' id='word_1_316' title='bbox 1186 2172 1265 2211; x_wconf 81' lang='lat' dir='ltr'>Qui,</span> <span class='ocrx_word' id='word_1_317' title='bbox 1281 2176 1319 2202; x_wconf 83' lang='lat' dir='ltr'>ut</span> <span class='ocrx_word' id='word_1_318' title='bbox 1335 2172 1408 2212; x_wconf 88' lang='lat' dir='ltr'>jam</span> <span class='ocrx_word' id='word_1_319' title='bbox 1430 2180 1531 2212; x_wconf 85' lang='lat' dir='ltr'>supra</span> <span class='ocrx_word' id='word_1_320' title='bbox 1546 2171 1696 2203; x_wconf 85' lang='lat' dir='ltr'>memini-</span> 
     </span>
     <span class='ocr_line' id='line_1_36' title="bbox 246 2221 1697 2262; baseline 0 -9"><span class='ocrx_word' id='word_1_321' title='bbox 246 2226 335 2253; x_wconf 79' lang='lat' dir='ltr'>esset</span> <span class='ocrx_word' id='word_1_322' title='bbox 348 2221 795 2261; x_wconf 77' lang='lat' dir='ltr'>vespertinuS,Leonisve1-o</span> <span class='ocrx_word' id='word_1_323' title='bbox 809 2222 945 2253; x_wconf 81' lang='lat' dir='ltr'>matuti—</span> <span class='ocrx_word' id='word_1_324' title='bbox 999 2233 1086 2260; x_wconf 86' lang='lat' dir='ltr'>mus,</span> <span class='ocrx_word' id='word_1_325' title='bbox 1132 2222 1285 2262; x_wconf 78' lang='lat' dir='ltr'>Neptuni</span> <span class='ocrx_word' id='word_1_326' title='bbox 1336 2231 1418 2262; x_wconf 86' lang='lat' dir='ltr'>erga</span> <span class='ocrx_word' id='word_1_327' title='bbox 1467 2221 1697 2261; x_wconf 82' lang='lat' dir='ltr'>Amphitriten</span> 
     </span>
    </p>
   </div>
   <div class='ocr_carea' id='block_1_10' title="bbox 246 2266 1700 2363">
    <p class='ocr_par' dir='ltr' id='par_1_11' title="bbox 246 2266 1700 2363">
     <span class='ocr_line' id='line_1_37' title="bbox 246 2266 1700 2312; baseline 0 -10"><span class='ocrx_word' id='word_1_328' title='bbox 246 2282 320 2309; x_wconf 67' lang='grc' dir='ltr'>ιιιιε,</span> <span class='ocrx_word' id='word_1_329' title='bbox 338 2271 478 2312; x_wconf 86' lang='lat' dir='ltr'>qnijam</span> <span class='ocrx_word' id='word_1_330' title='bbox 493 2275 570 2301; x_wconf 75' lang='lat' dir='ltr'>ante</span> <span class='ocrx_word' id='word_1_331' title='bbox 584 2270 696 2301; x_wconf 86' lang='lat' dir='ltr'>media</span> <span class='ocrx_word' id='word_1_332' title='bbox 711 2272 760 2302; x_wconf 84' lang='lat' dir='ltr'>sui</span> <span class='ocrx_word' id='word_1_333' title='bbox 775 2278 873 2311; x_wconf 79' lang='lat' dir='ltr'>parte</span> <span class='ocrx_word' id='word_1_334' title='bbox 891 2282 944 2303; x_wconf 88' lang='lat' dir='ltr'>oc·</span> <span class='ocrx_word' id='word_1_335' title='bbox 1001 2282 1130 2303; x_wconf 87' lang='lat' dir='ltr'>amores</span> <span class='ocrx_word' id='word_1_336' title='bbox 1146 2278 1180 2302; x_wconf 82' lang='lat' dir='ltr'>et</span> <span class='ocrx_word' id='word_1_337' title='bbox 1207 2271 1330 2303; x_wconf 83' lang='lat' dir='ltr'>callide</span> <span class='ocrx_word' id='word_1_338' title='bbox 1353 2273 1498 2312; x_wconf 83' lang='lat' dir='ltr'>aperuit,</span> <span class='ocrx_word' id='word_1_339' title='bbox 1521 2277 1557 2302; x_wconf 88' lang='lat' dir='ltr'>et</span> <span class='ocrx_word' id='word_1_340' title='bbox 1578 2266 1700 2303; x_wconf 73' lang='lat' dir='ltr'>felices</span> 
     </span>
     <span class='ocr_line' id='line_1_38' title="bbox 248 2320 1344 2363; baseline 0 -11"><span class='ocrx_word' id='word_1_341' title='bbox 248 2321 398 2359; x_wconf 77' lang='lat' dir='ltr'>cidisset,</span> <span class='ocrx_word' id='word_1_342' title='bbox 415 2320 475 2350; x_wconf 87' lang='lat' dir='ltr'>sub</span> <span class='ocrx_word' id='word_1_343' title='bbox 488 2320 592 2350; x_wconf 88' lang='lat' dir='ltr'>oculis</span> <span class='ocrx_word' id='word_1_344' title='bbox 609 2321 946 2363; x_wconf 77' lang='lat' dir='ltr'>spectantis,reliqua</span> <span class='ocrx_word' id='word_1_345' title='bbox 999 2322 1169 2354; x_wconf 81' lang='lat' dir='ltr'>suadendo</span> <span class='ocrx_word' id='word_1_346' title='bbox 1185 2322 1344 2353; x_wconf 84' lang='lat' dir='ltr'>reddidit.</span> 
     </span>
    </p>
   </div>
   <div class='ocr_carea' id='block_1_11' title="bbox 249 2370 1700 2512">
    <p class='ocr_par' dir='ltr' id='par_1_12' title="bbox 249 2370 1700 2512">
     <span class='ocr_line' id='line_1_39' title="bbox 249 2370 1699 2413; baseline 0 -11"><span class='ocrx_word' id='word_1_347' title='bbox 249 2371 476 2411; x_wconf 80' lang='lat' dir='ltr'>mergebatur.</span> <span class='ocrx_word' id='word_1_348' title='bbox 1044 2375 1084 2403; x_wconf 77' lang='grc'>82</span> <span class='ocrx_word' id='word_1_349' title='bbox 1098 2372 1244 2413; x_wconf 78' lang='lat' dir='ltr'>Lesbida]</span> <span class='ocrx_word' id='word_1_350' title='bbox 1253 2371 1387 2403; x_wconf 86' lang='lat' dir='ltr'>Arionis</span> <span class='ocrx_word' id='word_1_351' title='bbox 1400 2372 1588 2413; x_wconf 80' lang='lat' dir='ltr'>Metymna,</span> <span class='ocrx_word' id='word_1_352' title='bbox 1599 2370 1699 2402; x_wconf 74' lang='lat' dir='ltr'>Lesbi</span> 
     </span>
     <span class='ocr_line' id='line_1_40' title="bbox 291 2420 1700 2461; baseline -0.001 -9"><span class='ocrx_word' id='word_1_353' title='bbox 291 2423 334 2452; x_wconf 84' lang='lat'>79</span> <span class='ocrx_word' id='word_1_354' title='bbox 359 2420 524 2459; x_wconf 81' lang='lat' dir='ltr'>Coelatum]</span> <span class='ocrx_word' id='word_1_355' title='bbox 543 2421 674 2451; x_wconf 76' lang='lat' dir='ltr'>Novem</span> <span class='ocrx_word' id='word_1_356' title='bbox 691 2420 816 2461; x_wconf 89' lang='lat' dir='ltr'>quippe</span> <span class='ocrx_word' id='word_1_357' title='bbox 840 2421 946 2451; x_wconf 82' lang='lat' dir='ltr'>stellis</span> <span class='ocrx_word' id='word_1_358' title='bbox 1001 2423 1118 2452; x_wconf 62' lang='lat' dir='ltr'>insulae</span> <span class='ocrx_word' id='word_1_359' title='bbox 1131 2421 1369 2460; x_wconf 88' lang='lat' dir='ltr'>urbe,oriundi</span> <span class='ocrx_word' id='word_1_360' title='bbox 1381 2432 1390 2459; x_wconf 91' lang='lat'>;</span> <span class='ocrx_word' id='word_1_361' title='bbox 1404 2431 1502 2461; x_wconf 74' lang='lat' dir='ltr'>quem</span> <span class='ocrx_word' id='word_1_362' title='bbox 1516 2426 1700 2460; x_wconf 76' lang='lat' dir='ltr'>exceptum</span> 
     </span>
     <span class='ocr_line' id='line_1_41' title="bbox 251 2470 1700 2512; baseline 0.001 -12"><span class='ocrx_word' id='word_1_363' title='bbox 251 2470 469 2509; x_wconf 83' lang='lat' dir='ltr'>distinguitur</span> <span class='ocrx_word' id='word_1_364' title='bbox 492 2470 651 2510; x_wconf 83' lang='lat' dir='ltr'>Delphin.</span> <span class='ocrx_word' id='word_1_365' title='bbox 1002 2478 1111 2512; x_wconf 78' lang='lat' dir='ltr'>tergo,</span> <span class='ocrx_word' id='word_1_366' title='bbox 1135 2481 1209 2503; x_wconf 87' lang='lat' dir='ltr'>cum</span> <span class='ocrx_word' id='word_1_367' title='bbox 1234 2472 1268 2501; x_wconf 87' lang='lat' dir='ltr'>in</span> <span class='ocrx_word' id='word_1_368' title='bbox 1291 2480 1383 2501; x_wconf 81' lang='lat' dir='ltr'>mare</span> <span class='ocrx_word' id='word_1_369' title='bbox 1404 2470 1594 2510; x_wconf 78' lang='lat' dir='ltr'>desinisset,</span> <span class='ocrx_word' id='word_1_370' title='bbox 1617 2471 1700 2502; x_wconf 89' lang='lat' dir='ltr'>Del-</span> 
     </span>
    </p>
   </div>
   <div class='ocr_carea' id='block_1_12' title="bbox 254 2519 1704 2763">
    <p class='ocr_par' dir='ltr' id='par_1_13' title="bbox 254 2519 1704 2763">
     <span class='ocr_line' id='line_1_42' title="bbox 294 2519 1702 2561; baseline 0.001 -11"><span class='ocrx_word' id='word_1_371' title='bbox 294 2522 334 2550; x_wconf 78' lang='lat'>80</span> <span class='ocrx_word' id='word_1_372' title='bbox 359 2519 488 2560; x_wconf 81' lang='lat' dir='ltr'>Fugiet]</span> <span class='ocrx_word' id='word_1_373' title='bbox 516 2520 603 2551; x_wconf 82' lang='lat' dir='ltr'>Quia</span> <span class='ocrx_word' id='word_1_374' title='bbox 618 2520 757 2551; x_wconf 86' lang='lat' dir='ltr'>Heliace</span> <span class='ocrx_word' id='word_1_375' title='bbox 771 2521 947 2551; x_wconf 80' lang='lat' dir='ltr'>occiderit.</span> <span class='ocrx_word' id='word_1_376' title='bbox 1002 2523 1120 2561; x_wconf 82' lang='lat' dir='ltr'>phinus</span> <span class='ocrx_word' id='word_1_377' title='bbox 1139 2521 1265 2551; x_wconf 86' lang='lat' dir='ltr'>dieitur</span> <span class='ocrx_word' id='word_1_378' title='bbox 1289 2520 1330 2551; x_wconf 88' lang='lat' dir='ltr'>ad</span> <span class='ocrx_word' id='word_1_379' title='bbox 1351 2521 1527 2550; x_wconf 72' lang='lat' dir='ltr'>Taenarum</span> <span class='ocrx_word' id='word_1_380' title='bbox 1545 2529 1702 2560; x_wconf 83' lang='lat' dir='ltr'>promou-</span> 
     </span>
     <span class='ocr_line' id='line_1_43' title="bbox 296 2569 1309 2611; baseline 0.004 -13"><span class='ocrx_word' id='word_1_381' title='bbox 296 2569 464 2610; x_wconf 80' lang='lat' dir='ltr'>Sequente]</span> <span class='ocrx_word' id='word_1_382' title='bbox 504 2569 624 2599; x_wconf 84' lang='lat' dir='ltr'>Tertio</span> <span class='ocrx_word' id='word_1_383' title='bbox 652 2570 804 2611; x_wconf 86' lang='lat' dir='ltr'>adeoque</span> <span class='ocrx_word' id='word_1_384' title='bbox 832 2571 948 2601; x_wconf 81' lang='lat' dir='ltr'>Nonas</span> <span class='ocrx_word' id='word_1_385' title='bbox 1002 2572 1123 2603; x_wconf 80' lang='lat' dir='ltr'>toriurn</span> <span class='ocrx_word' id='word_1_386' title='bbox 1138 2571 1309 2602; x_wconf 86' lang='lat' dir='ltr'>detulisse.</span> 
     </span>
     <span class='ocr_line' id='line_1_44' title="bbox 254 2617 1702 2661; baseline 0.002 -12"><span class='ocrx_word' id='word_1_387' title='bbox 254 2617 356 2649; x_wconf 83' lang='lat' dir='ltr'>Febr.</span> <span class='ocrx_word' id='word_1_388' title='bbox 1046 2621 1194 2660; x_wconf 85' lang='lat' dir='ltr'>Domino]</span> <span class='ocrx_word' id='word_1_389' title='bbox 1205 2619 1344 2661; x_wconf 84' lang='lat' dir='ltr'>Arione,</span> <span class='ocrx_word' id='word_1_390' title='bbox 1356 2620 1499 2659; x_wconf 80' lang='lat' dir='ltr'>scilicet,</span> <span class='ocrx_word' id='word_1_391' title='bbox 1508 2620 1630 2661; x_wconf 84' lang='lat' dir='ltr'>insigni</span> <span class='ocrx_word' id='word_1_392' title='bbox 1643 2620 1702 2652; x_wconf 88' lang='lat' dir='ltr'>illo</span> 
     </span>
     <span class='ocr_line' id='line_1_45' title="bbox 299 2667 1704 2711; baseline 0.004 -12"><span class='ocrx_word' id='word_1_393' title='bbox 299 2671 337 2699; x_wconf 73' lang='grc'>81</span> <span class='ocrx_word' id='word_1_394' title='bbox 352 2667 502 2708; x_wconf 83' lang='lat' dir='ltr'>Seusuz&#39;t]</span> <span class='ocrx_word' id='word_1_395' title='bbox 528 2669 655 2700; x_wconf 86' lang='lat' dir='ltr'>Causas</span> <span class='ocrx_word' id='word_1_396' title='bbox 673 2669 782 2708; x_wconf 80' lang='lat' dir='ltr'>tangit</span> <span class='ocrx_word' id='word_1_397' title='bbox 793 2669 899 2709; x_wconf 82' lang='lat' dir='ltr'>Naso,</span> <span class='ocrx_word' id='word_1_398' title='bbox 909 2670 952 2700; x_wconf 94' lang='lat' dir='ltr'>ob</span> <span class='ocrx_word' id='word_1_399' title='bbox 1007 2670 1310 2711; x_wconf 77' lang='lat' dir='ltr'>cit11a1·oed0‚cujus</span> <span class='ocrx_word' id='word_1_400' title='bbox 1322 2671 1650 2703; x_wconf 85' lang='lat' dir='ltr'>commendationem</span> <span class='ocrx_word' id='word_1_401' title='bbox 1659 2671 1704 2704; x_wconf 84' lang='lat' dir='ltr'>ab</span> 
     </span>
     <span class='ocr_line' id='line_1_46' title="bbox 257 2718 1640 2763; baseline 0.002 -13"><span class='ocrx_word' id='word_1_402' title='bbox 257 2729 339 2761; x_wconf 82' lang='lat' dir='ltr'>quas</span> <span class='ocrx_word' id='word_1_403' title='bbox 370 2719 403 2749; x_wconf 89' lang='lat' dir='ltr'>in</span> <span class='ocrx_word' id='word_1_404' title='bbox 438 2718 559 2750; x_wconf 86' lang='lat' dir='ltr'>coelum</span> <span class='ocrx_word' id='word_1_405' title='bbox 592 2719 775 2751; x_wconf 80' lang='lat' dir='ltr'>translatus</span> <span class='ocrx_word' id='word_1_406' title='bbox 800 2719 952 2751; x_wconf 80' lang='lat' dir='ltr'>creditur</span> <span class='ocrx_word' id='word_1_407' title='bbox 1006 2721 1079 2761; x_wconf 84' lang='lat' dir='ltr'>ipso</span> <span class='ocrx_word' id='word_1_408' title='bbox 1097 2720 1231 2752; x_wconf 84' lang='lat' dir='ltr'>Nasone</span> <span class='ocrx_word' id='word_1_409' title='bbox 1247 2720 1350 2752; x_wconf 85' lang='lat' dir='ltr'>habes</span> <span class='ocrx_word' id='word_1_410' title='bbox 1362 2720 1395 2752; x_wconf 91' lang='lat' dir='ltr'>in</span> <span class='ocrx_word' id='word_1_411' title='bbox 1410 2720 1640 2763; x_wconf 83' lang='lat' dir='ltr'>sequentibus.</span> 
     </span>
    </p>
   </div>
  </div>
 </body>
</html>
