1773 3121
591 250 855 284 FASTORUM
891 249 986 279 LIB.
1021 249 1094 280 ΙΙΙ.

1458 241 1571 282 2007

111 347 169 390 IN
180 360 241 391 1)ss
264 352 420 404 quater
447 350 602 402 pastor
623 348 798 386 saturos
817 343 894 386 ubi
914 344 1121 386 clauserit
1140 345 1312 397 haedos,

166 417 406 459 Canuerint
424 414 568 456 herbae
590 425 688 453 rore
719 415 891 453 recente
911 416 1092 465 quater3

1487 414 1573 455 880

106 484 137 526 J
141 497 248 526 anus
269 475 531 531 adorandus,
552 493 742 535 cumque
760 479 846 522 hoc
866 479 1117 523 Concordia
1135 480 1268 532 mitis,

167 552 225 594 Et
244 550 449 593 Romana
469 548 617 599 Salus,
639 561 804 602 araque
826 547 965 589 Pacis
987 547 1081 588 erit.

110 620 255 662 LUNA
277 618 385 671 regit
403 629 595 658 menses.

655 615 809 670 Hujus
831 628 1004 670 quoque
1024 619 1221 671 tempora
1240 617 1400 659 mensis

165 688 284 730 Finit
303 686 526 729 Aventino
546 686 674 727 Luna
693 685 880 727 colenda
902 685 1028 740 jugo,

100 824 178 855 pora
187 814 300 846 diurna
309 813 440 854 aequalia
450 812 619 844 nocturnis.

711 812 789 844 Inde
798 815 960 853 postquam
967 816 1078 854 pastor
1091 813 1238 844 clauserit
1249 816 1360 853 quater·
1374 812 1476 844 hoedos
1490 816 1571 844 sucu-

103 867 167 896 ros,
188 857 335 897 gramina
362 856 516 888 album'nt
532 859 643 896 quater
656 865 726 886 rore
752 865 841 894 novo,
854 856 968 895 Janus,
981 859 1075 897 atque
1097 856 1175 887 lenis
1200 856 1373 887 Concordia
1389 866 1459 887 cum
1482 866 1528 895 eo,
1543 859 1573 886 et

103 899 197 931 Salus
210 900 362 938 Romana,
377 902 470 939 atque
493 900 593 930 altare
608 899 706 930 Pacis
721 899 782 929 erit
797 899 966 930 colendum.

1056 898 1146 929 Isuna
1159 898 1250 929 habet
1266 899 1429 939 imperium
1442 899 1475 930 in
1493 909 1573 930 meu-

104 953 162 976 ses.
205 942 295 974 Luna
311 942 491 974 celebranda
507 941 540 972 in
556 944 658 972 monte
672 941 829 973 Aventino
844 941 974 972 absolvit
994 941 1090 973 etiam
1102 945 1241 982 tempora
1256 941 1347 981 hujus
1360 942 1486 973 mensis.

720 1026 837 1038 eeeeee

840 1025 958 1038 eeeeee

105 1099 181 1122 cum
197 1090 274 1122 Pol.
297 1089 464 1129 Excerpt.
492 1088 604 1126 serunt
621 1089 662 1120 P.
680 1088 779 1120 Cant.
805 1092 842 1119 et
865 1091 935 1118 tres
959 1086 1015 1118 alii
1030 1097 1038 1118 ε
1053 1087 1141 1125 feret
1157 1087 1265 1119 ceteri
1281 1096 1358 1118 cum
1375 1087 1573 1126 vulg—879

103 1133 183 1165 Pet.
210 1134 298 1165 alter
316 1136 424 1173 pastos
440 1141 502 1173 pro
523 1133 765 1163 saturos.—881
790 1130 936 1161 Plurimi
955 1131 1043 1161 ador.
1059 1140 1126 1161 cum
1141 1140 1198 1171 quo
1217 1131 1254 1162 C.
1269 1139 1330 1161 sex
1346 1139 1486 1170 quocum.

766 1226 910 1259 NOTAE

100 1303 220 1337 lendas
237 1303 387 1345 Apriles,
402 1312 461 1334 seu
478 1302 595 1334 Martii
612 1302 737 1334 mensis
753 1301 810 1333 die

101 1357 160 1389 26.
192 1354 322 1386 Nasoni
340 1353 446 1385 fuerit
461 1352 715 1395 AEquinoctium
737 1361 812 1384 ver-

99 1415 202 1438 num:
220 1404 312 1447 quod
326 1409 442 1437 tamen
453 1409 552 1436 vetus
563 1403 811 1435 Kalendarium

102 1456 146 1490 ad
163 1460 324 1488 octavum
341 1454 518 1486 Kalendas
533 1453 601 1494 Ap.
617 1458 676 1484 aut
694 1451 814 1484 Martii

102 1510 160 1541 25.
186 1507 279 1539 diem
305 1505 460 1538 retrahit.
506 1504 676 1536 Hodierni
703 1507 811 1536 astro-

101 1557 173 1599 logi
189 1557 222 1589 in
239 1556 451 1598 vigesimum,
467 1555 597 1586 ratione
620 1553 737 1586 habita
751 1554 812 1585 mi-

100 1613 274 1648 nutarum,
298 1616 381 1648 quas
411 1611 548 1647 vocant,
580 1614 720 1637 necesse
756 1605 812 1636 ha-

99 1658 252 1691 buerunt
269 1666 440 1689 revocare.

151 1708 225 1749 Eos]
262 1708 406 1747 Aurora,
436 1716 512 1749 quae
552 1715 592 1738 eo
624 1704 758 1737 nomine
791 1714 811 1736 a

102 1759 235 1792 Graecis
250 1758 440 1800 appellata,
454 1755 650 1789 Luciferum
663 1755 810 1795 stellam,

102 1810 170 1842 diei
187 1809 429 1851 praenunssam,
441 1808 579 1839 videtur
592 1812 671 1838 ante
683 1816 719 1838 se
734 1805 810 1838 ideo

101 1861 255 1900 mittere,
271 1859 360 1902 quod
379 1864 455 1901 post
482 1858 573 1890 illam
590 1857 810 1899 splendescat

101 1916 138 1943 et
155 1911 340 1942 exoriatur.

143 1963 208 1992 879
244 1959 336 2000 Inde]
374 1959 496 1992 Tertio
525 1959 630 2001 igitur
661 1957 808 1990 Kalend.

99 2012 256 2055 Apriles:
276 2020 468 2054 quanquam
485 2010 527 2042 ad
542 2015 676 2042 sextum
692 2009 809 2041 retulit

100 2064 228 2096 clariss.
247 2063 428 2104 Neapolis,
443 2063 515 2104 qui,
532 2071 598 2092 non
621 2061 663 2092 ab
689 2061 809 2092 ultimo

101 2113 156 2146 die
168 2114 444 2157 quinquatruum‚
456 2112 515 2144 sed
533 2122 552 2143 a
565 2112 684 2153 primo,
695 2112 807 2143 locum

101 2166 257 2207 proxime
285 2165 496 2208 superiorem
525 2164 646 2196 maluit
687 2172 806 2195 receu-

865 1309 954 1333 sere.

909 1354 973 1383 880
1007 1349 1196 1391 Canum-int]
1230 1349 1328 1381 Idem
1356 1349 1430 1381 dies
1453 1349 1574 1380 Martii

867 1401 1065 1442 trigesimus
1090 1400 1155 1432 hac
1185 1404 1221 1431 et
1246 1399 1460 1441 praecedenti
1487 1400 1575 1441 peri·

867 1452 980 1494 phrasi
996 1450 1178 1483 indicatur.

909 1505 971 1535 881
991 1499 1179 1541 Concordia]
1195 1501 1280 1534 Quae
1294 1501 1373 1533 Dea
1387 1510 1455 1533 non
1470 1510 1572 1534 uuum

866 1554 985 1585 Romae
1002 1552 1168 1594 templum
1183 1551 1314 1583 habuit.

909 1607 972 1636 882
997 1602 1106 1643 Salus]
1135 1603 1226 1635 Huic
1245 1603 1410 1644 templum
1426 1612 1446 1633 a
1460 1601 1497 1635 C.
1512 1604 1573 1636 Ju-

865 1654 922 1686 nio
938 1654 1093 1686 Bubulco
1120 1655 1272 1686 Censor-e
1299 1654 1331 1685 in
1361 1653 1448 1685 colle
1464 1654 1575 1687 Quiri-

867 1705 935 1736 nali
962 1705 1131 1742 locatum;
1157 1704 1247 1745 quod
1275 1704 1399 1736 Consul
1419 1710 1575 1744 voverat,

865 1756 1026 1787 Dictator
1042 1755 1229 1786 dedicavit.

909 1806 1020 1848 Pacis]
1044 1806 1108 1838 Cui
1132 1806 1257 1837 deinde
1282 1804 1578 1847 magnificentissi-

865 1868 956 1889 mum
974 1858 1139 1899 ternplum
1169 1867 1189 1888 a
1215 1856 1359 1889 Claudio
1376 1856 1572 1888 inchoatum

865 1908 1097 1949 Vespasianus
1117 1906 1237 1938 Romae
1256 1906 1460 1937 construxit.

908 1962 971 1991 884
988 1958 1159 1998 Aventino]
1182 1957 1223 1989 In
1241 1958 1299 1989 illo
1312 1957 1440 1999 quippe
1456 1963 1573 1989 monte

863 2020 882 2041 a
898 2010 1044 2049 Latinis,
1071 2009 1189 2040 Servio
1216 2012 1394 2049 regnante,
1418 2014 1573 2040 exstruc-

865 2065 935 2092 tum
954 2060 1079 2092 Dianae
1097 2059 1278 2101 templum,
1293 2062 1328 2090 et
1343 2057 1510 2100 refugium
1526 2059 1573 2089 iu·

863 2110 1036 2144 violabile.
