<?xml version="1.0" encoding="UTF-8"?>
<!DOCTYPE html PUBLIC "-//W3C//DTD XHTML 1.0 Transitional//EN"
    "http://www.w3.org/TR/xhtml1/DTD/xhtml1-transitional.dtd">
<html xmlns="http://www.w3.org/1999/xhtml" xml:lang="en" lang="en">
 <head>
  <title>
</title>
<meta http-equiv="Content-Type" content="text/html;charset=utf-8" />
  <meta name='ocr-system' content='tesseract 3.04.00' />
  <meta name='ocr-capabilities' content='ocr_page ocr_carea ocr_par ocr_line ocrx_word'/>
</head>
<body>
  <div class='ocr_page' id='page_1' title='image "./operaomniaexedit04oviduoft_0474.png"; bbox 0 0 1773 3121; ppageno 0'>
   <div class='ocr_carea' id='block_1_1' title="bbox 189 216 1153 260">
    <p class='ocr_par' dir='ltr' id='par_1_1' title="bbox 189 216 1153 260">
     <span class='ocr_line' id='line_1_1' title="bbox 189 216 1153 260; baseline -0.006 0"><span class='ocrx_word' id='word_1_1' title='bbox 189 216 305 260; x_wconf 78' lang='lat'>2092</span> <span class='ocrx_word' id='word_1_2' title='bbox 673 227 717 257; x_wconf 80' lang='lat' dir='ltr'>P.</span> <span class='ocrx_word' id='word_1_3' title='bbox 749 226 905 256; x_wconf 81' lang='lat' dir='ltr'>ovmu</span> <span class='ocrx_word' id='word_1_4' title='bbox 941 223 1153 256; x_wconf 75' lang='lat' dir='ltr'>NAsoms</span> 
     </span>
    </p>
   </div>
   <div class='ocr_carea' id='block_1_2' title="bbox 190 319 1420 1106">
    <p class='ocr_par' dir='ltr' id='par_1_2' title="bbox 190 319 1320 442">
     <span class='ocr_line' id='line_1_2' title="bbox 190 319 1320 374; baseline -0.005 -9"><span class='ocrx_word' id='word_1_5' title='bbox 190 323 254 364; x_wconf 83' lang='lat' dir='ltr'>At</span> <span class='ocrx_word' id='word_1_6' title='bbox 274 323 402 365; x_wconf 91' lang='lat' dir='ltr'>simul</span> <span class='ocrx_word' id='word_1_7' title='bbox 422 322 627 363; x_wconf 89' lang='lat' dir='ltr'>inducunt</span> <span class='ocrx_word' id='word_1_8' title='bbox 649 321 836 362; x_wconf 85' lang='lat' dir='ltr'>obscura</span> <span class='ocrx_word' id='word_1_9' title='bbox 855 319 1114 374; x_wconf 87' lang='lat' dir='ltr'>crepuscula</span> <span class='ocrx_word' id='word_1_10' title='bbox 1133 321 1320 370; x_wconf 86' lang='lat' dir='ltr'>noctem,</span> 
     </span>
     <span class='ocr_line' id='line_1_3' title="bbox 249 386 1197 442; baseline -0.005 -12"><span class='ocrx_word' id='word_1_11' title='bbox 249 390 360 432; x_wconf 90' lang='lat' dir='ltr'>Pars</span> <span class='ocrx_word' id='word_1_12' title='bbox 380 388 590 442; x_wconf 84' lang='lat' dir='ltr'><strong>Hyadum</strong></span> <span class='ocrx_word' id='word_1_13' title='bbox 609 391 702 428; x_wconf 85' lang='lat' dir='ltr'>toto</span> <span class='ocrx_word' id='word_1_14' title='bbox 723 388 775 429; x_wconf 91' lang='lat' dir='ltr'>de</span> <span class='ocrx_word' id='word_1_15' title='bbox 794 401 918 441; x_wconf 84' lang='lat' dir='ltr'><strong>grege</strong></span> <span class='ocrx_word' id='word_1_16' title='bbox 939 387 1062 427; x_wconf 88' lang='lat' dir='ltr'>nulla</span> <span class='ocrx_word' id='word_1_17' title='bbox 1079 386 1197 426; x_wconf 87' lang='lat' dir='ltr'>latet.</span> 
     </span>
    </p>

    <p class='ocr_par' dir='ltr' id='par_1_3' title="bbox 191 451 1410 643">
     <span class='ocr_line' id='line_1_4' title="bbox 193 451 1264 510; baseline -0.005 -13"><span class='ocrx_word' id='word_1_18' title='bbox 193 456 283 497; x_wconf 89' lang='lat' dir='ltr'>Ora</span> <span class='ocrx_word' id='word_1_19' title='bbox 301 457 462 496; x_wconf 80' lang='lat' dir='ltr'>micant</span> <span class='ocrx_word' id='word_1_20' title='bbox 479 456 612 497; x_wconf 82' lang='lat' dir='ltr'>Tauri</span> <span class='ocrx_word' id='word_1_21' title='bbox 634 460 801 510; x_wconf 83' lang='lat' dir='ltr'><strong>septem</strong></span> <span class='ocrx_word' id='word_1_22' title='bbox 820 454 1040 495; x_wconf 78' lang='lat' dir='ltr'>radiantia</span> <span class='ocrx_word' id='word_1_23' title='bbox 1059 451 1264 502; x_wconf 83' lang='lat' dir='ltr'>fiammis,</span> 
     </span>
     <span class='ocr_line' id='line_1_5' title="bbox 249 520 1339 576; baseline -0.004 -13"><span class='ocrx_word' id='word_1_24' title='bbox 249 522 417 564; x_wconf 83' lang='lat' dir='ltr'>Navita</span> <span class='ocrx_word' id='word_1_25' title='bbox 437 536 547 576; x_wconf 89' lang='lat' dir='ltr'>quas</span> <span class='ocrx_word' id='word_1_26' title='bbox 569 522 755 576; x_wconf 87' lang='lat' dir='ltr'>Hyadas</span> <span class='ocrx_word' id='word_1_27' title='bbox 776 521 938 563; x_wconf 88' lang='lat' dir='ltr'>Graius</span> <span class='ocrx_word' id='word_1_28' title='bbox 960 522 1016 562; x_wconf 87' lang='lat' dir='ltr'>ab</span> <span class='ocrx_word' id='word_1_29' title='bbox 1037 520 1175 561; x_wconf 86' lang='lat' dir='ltr'>imbre</span> <span class='ocrx_word' id='word_1_30' title='bbox 1196 522 1339 560; x_wconf 86' lang='lat' dir='ltr'>vocat.</span> 
     </span>
     <span class='ocr_line' id='line_1_6' title="bbox 191 587 1410 643; baseline -0.003 -12"><span class='ocrx_word' id='word_1_31' title='bbox 191 590 303 631; x_wconf 86' lang='lat' dir='ltr'>Pars</span> <span class='ocrx_word' id='word_1_32' title='bbox 325 590 548 630; x_wconf 89' lang='lat' dir='ltr'>Bacchum</span> <span class='ocrx_word' id='word_1_33' title='bbox 568 591 760 631; x_wconf 82' lang='lat' dir='ltr'>nutrisse</span> <span class='ocrx_word' id='word_1_34' title='bbox 781 593 960 643; x_wconf 89' lang='lat' dir='ltr'>putant:</span> <span class='ocrx_word' id='word_1_35' title='bbox 992 600 1094 642; x_wconf 86' lang='lat' dir='ltr'>pars</span> <span class='ocrx_word' id='word_1_36' title='bbox 1113 587 1294 627; x_wconf 90' lang='lat' dir='ltr'>credidit</span> <span class='ocrx_word' id='word_1_37' title='bbox 1313 599 1410 628; x_wconf 93' lang='lat' dir='ltr'>esse</span> 
     </span>
    </p>

    <p class='ocr_par' dir='ltr' id='par_1_4' title="bbox 193 655 1420 1106">
     <span class='ocr_line' id='line_1_7' title="bbox 246 655 1143 711; baseline -0.006 -13"><span class='ocrx_word' id='word_1_38' title='bbox 246 656 440 710; x_wconf 85' lang='lat' dir='ltr'><strong>Tethyos</strong></span> <span class='ocrx_word' id='word_1_39' title='bbox 459 658 537 697; x_wconf 90' lang='lat' dir='ltr'>has</span> <span class='ocrx_word' id='word_1_40' title='bbox 559 661 724 711; x_wconf 86' lang='lat' dir='ltr'><strong>neptes,</strong></span> <span class='ocrx_word' id='word_1_41' title='bbox 745 656 997 710; x_wconf 88' lang='lat' dir='ltr'>Oceanique</span> <span class='ocrx_word' id='word_1_42' title='bbox 1015 655 1143 696; x_wconf 90' lang='lat' dir='ltr'>senis.</span> 
     </span>
     <span class='ocr_line' id='line_1_8' title="bbox 194 718 1420 774; baseline -0.002 -11"><span class='ocrx_word' id='word_1_43' title='bbox 194 721 401 763; x_wconf 91' lang='lat' dir='ltr'>Nondum</span> <span class='ocrx_word' id='word_1_44' title='bbox 422 724 569 762; x_wconf 88' lang='lat' dir='ltr'>stabat</span> <span class='ocrx_word' id='word_1_45' title='bbox 588 722 733 771; x_wconf 91' lang='lat' dir='ltr'>Atlas,</span> <span class='ocrx_word' id='word_1_46' title='bbox 753 723 955 762; x_wconf 84' lang='lat' dir='ltr'><strong>humeros</strong></span> <span class='ocrx_word' id='word_1_47' title='bbox 976 724 1181 762; x_wconf 86' lang='lat' dir='ltr'>oneratus</span> <span class='ocrx_word' id='word_1_48' title='bbox 1201 718 1420 774; x_wconf 82' lang='lat' dir='ltr'>Olymp03</span> 
     </span>
     <span class='ocr_line' id='line_1_9' title="bbox 249 787 1271 840; baseline -0.001 -12"><span class='ocrx_word' id='word_1_49' title='bbox 249 787 361 828; x_wconf 91' lang='lat' dir='ltr'>Cum</span> <span class='ocrx_word' id='word_1_50' title='bbox 382 794 503 828; x_wconf 89' lang='lat' dir='ltr'>satus</span> <span class='ocrx_word' id='word_1_51' title='bbox 521 793 589 828; x_wconf 88' lang='lat' dir='ltr'>est</span> <span class='ocrx_word' id='word_1_52' title='bbox 608 789 748 828; x_wconf 88' lang='lat' dir='ltr'>forma</span> <span class='ocrx_word' id='word_1_53' title='bbox 767 787 1104 840; x_wconf 87' lang='lat' dir='ltr'>conspiciendus</span> <span class='ocrx_word' id='word_1_54' title='bbox 1127 787 1271 840; x_wconf 86' lang='lat' dir='ltr'>HyaS.</span> 
     </span>
     <span class='ocr_line' id='line_1_10' title="bbox 193 852 1233 906; baseline -0.003 -12"><span class='ocrx_word' id='word_1_55' title='bbox 193 853 325 894; x_wconf 91' lang='lat' dir='ltr'>Hunc</span> <span class='ocrx_word' id='word_1_56' title='bbox 346 854 479 906; x_wconf 88' lang='lat' dir='ltr'><strong>stirps</strong></span> <span class='ocrx_word' id='word_1_57' title='bbox 500 852 669 893; x_wconf 85' lang='lat' dir='ltr'>Oceani</span> <span class='ocrx_word' id='word_1_58' title='bbox 690 854 872 893; x_wconf 87' lang='lat' dir='ltr'>maturis</span> <span class='ocrx_word' id='word_1_59' title='bbox 890 853 1056 892; x_wconf 87' lang='lat' dir='ltr'>nisibus</span> <span class='ocrx_word' id='word_1_60' title='bbox 1074 852 1233 892; x_wconf 88' lang='lat' dir='ltr'>AEthra</span> 
     </span>
     <span class='ocr_line' id='line_1_11' title="bbox 249 917 1319 974; baseline -0.002 -15"><span class='ocrx_word' id='word_1_61' title='bbox 249 919 414 969; x_wconf 88' lang='lat' dir='ltr'>Edidit,</span> <span class='ocrx_word' id='word_1_62' title='bbox 438 924 482 961; x_wconf 86' lang='lat' dir='ltr'>et</span> <span class='ocrx_word' id='word_1_63' title='bbox 501 920 732 974; x_wconf 87' lang='lat' dir='ltr'><strong>Nymphas</strong></span> <span class='ocrx_word' id='word_1_64' title='bbox 750 933 759 961; x_wconf 75' lang='grc' dir='ltr'>ε</span> <span class='ocrx_word' id='word_1_65' title='bbox 791 920 869 960; x_wconf 86' lang='lat' dir='ltr'>sed</span> <span class='ocrx_word' id='word_1_66' title='bbox 890 920 1011 973; x_wconf 87' lang='lat' dir='ltr'>prior</span> <span class='ocrx_word' id='word_1_67' title='bbox 1032 923 1153 959; x_wconf 86' lang='lat' dir='ltr'>ortus</span> <span class='ocrx_word' id='word_1_68' title='bbox 1178 917 1319 972; x_wconf 87' lang='lat' dir='ltr'><strong>Hyas.</strong></span> 
     </span>
     <span class='ocr_line' id='line_1_12' title="bbox 194 984 1289 1040; baseline -0.001 -14"><span class='ocrx_word' id='word_1_69' title='bbox 194 986 311 1027; x_wconf 89' lang='lat' dir='ltr'>Dum</span> <span class='ocrx_word' id='word_1_70' title='bbox 331 999 443 1027; x_wconf 84' lang='lat' dir='ltr'>nova</span> <span class='ocrx_word' id='word_1_71' title='bbox 462 987 618 1039; x_wconf 84' lang='lat' dir='ltr'>lanugo</span> <span class='ocrx_word' id='word_1_72' title='bbox 635 999 645 1037; x_wconf 89' lang='lat'><em>;</em></span> <span class='ocrx_word' id='word_1_73' title='bbox 676 985 865 1040; x_wconf 83' lang='lat' dir='ltr'>pavidos</span> <span class='ocrx_word' id='word_1_74' title='bbox 884 984 1113 1026; x_wconf 85' lang='lat' dir='ltr'>formidine</span> <span class='ocrx_word' id='word_1_75' title='bbox 1135 997 1289 1026; x_wconf 88' lang='lat' dir='ltr'>cervos</span> 
     </span>
     <span class='ocr_line' id='line_1_13' title="bbox 248 1051 1219 1106; baseline -0.003 -12"><span class='ocrx_word' id='word_1_76' title='bbox 248 1053 431 1106; x_wconf 88' lang='lat' dir='ltr'>Terret;</span> <span class='ocrx_word' id='word_1_77' title='bbox 462 1058 506 1094; x_wconf 90' lang='lat' dir='ltr'>et</span> <span class='ocrx_word' id='word_1_78' title='bbox 524 1056 592 1093; x_wconf 91' lang='lat' dir='ltr'>est</span> <span class='ocrx_word' id='word_1_79' title='bbox 609 1053 676 1093; x_wconf 90' lang='lat' dir='ltr'>illi</span> <span class='ocrx_word' id='word_1_80' title='bbox 699 1053 853 1106; x_wconf 85' lang='lat' dir='ltr'>praeda</span> <span class='ocrx_word' id='word_1_81' title='bbox 872 1051 1055 1105; x_wconf 85' lang='lat' dir='ltr'>benigna</span> <span class='ocrx_word' id='word_1_82' title='bbox 1076 1052 1219 1104; x_wconf 89' lang='lat' dir='ltr'>lepus.</span> 
     </span>
    </p>
   </div>
   <div class='ocr_carea' id='block_1_3' title="bbox 1554 451 1638 493">
    <p class='ocr_par' dir='ltr' id='par_1_5' title="bbox 1554 451 1638 493">
     <span class='ocr_line' id='line_1_14' title="bbox 1554 451 1638 493; baseline 0 -1"><span class='ocrx_word' id='word_1_83' title='bbox 1554 451 1638 493; x_wconf 82' lang='lat'>165</span> 
     </span>
    </p>
   </div>
   <div class='ocr_carea' id='block_1_4' title="bbox 1561 785 1643 826">
    <p class='ocr_par' dir='ltr' id='par_1_6' title="bbox 1561 785 1643 826">
     <span class='ocr_line' id='line_1_15' title="bbox 1561 785 1643 826; baseline -0.037 0"><span class='ocrx_word' id='word_1_84' title='bbox 1561 785 1643 826; x_wconf 80' lang='lat'>1170</span> 
     </span>
    </p>
   </div>
   <div class='ocr_carea' id='block_1_5' title="bbox 191 1180 1647 1474">
    <p class='ocr_par' dir='ltr' id='par_1_7' title="bbox 191 1180 1647 1474">
     <span class='ocr_line' id='line_1_16' title="bbox 195 1180 1645 1222; baseline 0.001 -10"><span class='ocrx_word' id='word_1_85' title='bbox 195 1181 347 1212; x_wconf 85' lang='lat' dir='ltr'>Calabris.</span> <span class='ocrx_word' id='word_1_86' title='bbox 392 1180 435 1211; x_wconf 90' lang='lat' dir='ltr'>At</span> <span class='ocrx_word' id='word_1_87' title='bbox 451 1191 518 1211; x_wconf 84' lang='lat' dir='ltr'>cum</span> <span class='ocrx_word' id='word_1_88' title='bbox 530 1180 666 1220; x_wconf 86' lang='lat' dir='ltr'>primum</span> <span class='ocrx_word' id='word_1_89' title='bbox 679 1181 826 1220; x_wconf 83' lang='lat' dir='ltr'>subnigra</span> <span class='ocrx_word' id='word_1_90' title='bbox 838 1182 1015 1220; x_wconf 83' lang='lat' dir='ltr'>crepuscula</span> <span class='ocrx_word' id='word_1_91' title='bbox 1030 1181 1184 1211; x_wconf 81' lang='lat' dir='ltr'>advehunt</span> <span class='ocrx_word' id='word_1_92' title='bbox 1200 1184 1329 1221; x_wconf 85' lang='lat' dir='ltr'>noctem,</span> <span class='ocrx_word' id='word_1_93' title='bbox 1343 1181 1427 1213; x_wconf 84' lang='lat' dir='ltr'>nulla</span> <span class='ocrx_word' id='word_1_94' title='bbox 1438 1191 1515 1222; x_wconf 82' lang='lat' dir='ltr'>pars</span> <span class='ocrx_word' id='word_1_95' title='bbox 1529 1182 1568 1213; x_wconf 86' lang='lat' dir='ltr'>de</span> <span class='ocrx_word' id='word_1_96' title='bbox 1581 1184 1645 1213; x_wconf 81' lang='lat' dir='ltr'>toto</span> 
     </span>
     <span class='ocr_line' id='line_1_17' title="bbox 191 1222 1646 1264; baseline 0.001 -11"><span class='ocrx_word' id='word_1_97' title='bbox 191 1224 313 1263; x_wconf 81' lang='lat' dir='ltr'>agmine</span> <span class='ocrx_word' id='word_1_98' title='bbox 328 1223 477 1263; x_wconf 78' lang='lat' dir='ltr'>Hyadum</span> <span class='ocrx_word' id='word_1_99' title='bbox 492 1224 674 1253; x_wconf 78' lang='lat' dir='ltr'>occultatur.</span> <span class='ocrx_word' id='word_1_100' title='bbox 719 1223 818 1253; x_wconf 80' lang='lat' dir='ltr'>Frons</span> <span class='ocrx_word' id='word_1_101' title='bbox 837 1223 931 1253; x_wconf 80' lang='lat' dir='ltr'>Tauri</span> <span class='ocrx_word' id='word_1_102' title='bbox 949 1222 1067 1261; x_wconf 83' lang='lat' dir='ltr'>fulget,</span> <span class='ocrx_word' id='word_1_103' title='bbox 1093 1223 1253 1262; x_wconf 81' lang='lat' dir='ltr'>splendens</span> <span class='ocrx_word' id='word_1_104' title='bbox 1274 1226 1389 1263; x_wconf 86' lang='lat' dir='ltr'>septem</span> <span class='ocrx_word' id='word_1_105' title='bbox 1410 1225 1546 1263; x_wconf 76' lang='lat' dir='ltr'>ignibus,</span> <span class='ocrx_word' id='word_1_106' title='bbox 1573 1234 1646 1264; x_wconf 78' lang='lat' dir='ltr'>quos</span> 
     </span>
     <span class='ocr_line' id='line_1_18' title="bbox 192 1264 1646 1305; baseline 0.001 -9"><span class='ocrx_word' id='word_1_107' title='bbox 192 1269 288 1296; x_wconf 85' lang='lat' dir='ltr'>nauta</span> <span class='ocrx_word' id='word_1_108' title='bbox 305 1267 433 1295; x_wconf 80' lang='lat' dir='ltr'>Groecus</span> <span class='ocrx_word' id='word_1_109' title='bbox 445 1265 580 1304; x_wconf 82' lang='lat' dir='ltr'>appellat</span> <span class='ocrx_word' id='word_1_110' title='bbox 597 1265 728 1305; x_wconf 78' lang='lat' dir='ltr'>Hyades</span> <span class='ocrx_word' id='word_1_111' title='bbox 742 1275 760 1295; x_wconf 90' lang='lat' dir='ltr'>a</span> <span class='ocrx_word' id='word_1_112' title='bbox 774 1265 890 1305; x_wconf 82' lang='lat' dir='ltr'>pluvia.</span> <span class='ocrx_word' id='word_1_113' title='bbox 937 1264 1086 1295; x_wconf 81' lang='lat' dir='ltr'>Nonnulli</span> <span class='ocrx_word' id='word_1_114' title='bbox 1102 1264 1296 1295; x_wconf 83' lang='lat' dir='ltr'>arbitrantur</span> <span class='ocrx_word' id='word_1_115' title='bbox 1311 1266 1451 1296; x_wconf 78' lang='lat' dir='ltr'>educasse</span> <span class='ocrx_word' id='word_1_116' title='bbox 1466 1266 1624 1297; x_wconf 79' lang='lat' dir='ltr'>Bacchum</span> <span class='ocrx_word' id='word_1_117' title='bbox 1636 1277 1646 1296; x_wconf 91' lang='grc'>.·</span> 
     </span>
     <span class='ocr_line' id='line_1_19' title="bbox 191 1306 1646 1347; baseline 0 -9"><span class='ocrx_word' id='word_1_118' title='bbox 191 1308 246 1338; x_wconf 83' lang='lat' dir='ltr'>alii</span> <span class='ocrx_word' id='word_1_119' title='bbox 261 1307 442 1338; x_wconf 76' lang='lat' dir='ltr'>existimant</span> <span class='ocrx_word' id='word_1_120' title='bbox 456 1308 511 1337; x_wconf 82' lang='lat' dir='ltr'>lias</span> <span class='ocrx_word' id='word_1_121' title='bbox 526 1316 590 1337; x_wconf 75' lang='lat' dir='ltr'>esse</span> <span class='ocrx_word' id='word_1_122' title='bbox 612 1310 717 1346; x_wconf 79' lang='lat' dir='ltr'>neptes</span> <span class='ocrx_word' id='word_1_123' title='bbox 734 1308 869 1347; x_wconf 79' lang='lat' dir='ltr'>Tethyos</span> <span class='ocrx_word' id='word_1_124' title='bbox 891 1310 921 1336; x_wconf 89' lang='lat' dir='ltr'>et</span> <span class='ocrx_word' id='word_1_125' title='bbox 936 1307 1016 1337; x_wconf 87' lang='lat' dir='ltr'>senis</span> <span class='ocrx_word' id='word_1_126' title='bbox 1034 1306 1158 1336; x_wconf 76' lang='lat' dir='ltr'>Oceani.</span> <span class='ocrx_word' id='word_1_127' title='bbox 1202 1307 1295 1337; x_wconf 77' lang='lat' dir='ltr'>Atlas</span> <span class='ocrx_word' id='word_1_128' title='bbox 1307 1309 1438 1338; x_wconf 83' lang='lat' dir='ltr'>nondum</span> <span class='ocrx_word' id='word_1_129' title='bbox 1452 1308 1576 1346; x_wconf 78' lang='lat' dir='ltr'>rigebat</span> <span class='ocrx_word' id='word_1_130' title='bbox 1591 1308 1646 1338; x_wconf 82' lang='lat' dir='ltr'>ha·</span> 
     </span>
     <span class='ocr_line' id='line_1_20' title="bbox 192 1347 1647 1391; baseline 0 -11"><span class='ocrx_word' id='word_1_131' title='bbox 192 1351 263 1380; x_wconf 80' lang='lat' dir='ltr'>bens</span> <span class='ocrx_word' id='word_1_132' title='bbox 275 1350 414 1380; x_wconf 80' lang='lat' dir='ltr'>humeros</span> <span class='ocrx_word' id='word_1_133' title='bbox 426 1358 545 1388; x_wconf 82' lang='lat' dir='ltr'>pressos</span> <span class='ocrx_word' id='word_1_134' title='bbox 559 1349 642 1386; x_wconf 81' lang='lat' dir='ltr'>eaelo,</span> <span class='ocrx_word' id='word_1_135' title='bbox 662 1358 729 1378; x_wconf 86' lang='lat' dir='ltr'>cum</span> <span class='ocrx_word' id='word_1_136' title='bbox 746 1349 839 1388; x_wconf 88' lang='lat' dir='ltr'>Hyas</span> <span class='ocrx_word' id='word_1_137' title='bbox 858 1352 948 1379; x_wconf 83' lang='lat' dir='ltr'>natus</span> <span class='ocrx_word' id='word_1_138' title='bbox 962 1352 1006 1379; x_wconf 85' lang='lat' dir='ltr'>est</span> <span class='ocrx_word' id='word_1_139' title='bbox 1020 1347 1196 1387; x_wconf 80' lang='lat' dir='ltr'>spectabilis</span> <span class='ocrx_word' id='word_1_140' title='bbox 1211 1358 1270 1379; x_wconf 91' lang='lat' dir='ltr'>suo</span> <span class='ocrx_word' id='word_1_141' title='bbox 1286 1350 1404 1379; x_wconf 77' lang='lat' dir='ltr'>decore.</span> <span class='ocrx_word' id='word_1_142' title='bbox 1449 1349 1647 1391; x_wconf 77' lang='lat' dir='ltr'>AEthrafilia</span> 
     </span>
     <span class='ocr_line' id='line_1_21' title="bbox 195 1390 1646 1432; baseline 0 -10"><span class='ocrx_word' id='word_1_143' title='bbox 195 1392 311 1422; x_wconf 80' lang='lat' dir='ltr'>Oceani</span> <span class='ocrx_word' id='word_1_144' title='bbox 326 1392 446 1431; x_wconf 78' lang='lat' dir='ltr'>peperit</span> <span class='ocrx_word' id='word_1_145' title='bbox 463 1391 641 1430; x_wconf 78' lang='lat' dir='ltr'>tempestivo</span> <span class='ocrx_word' id='word_1_146' title='bbox 661 1393 756 1430; x_wconf 83' lang='lat' dir='ltr'>partu</span> <span class='ocrx_word' id='word_1_147' title='bbox 783 1391 861 1420; x_wconf 80' lang='lat' dir='ltr'>hunc</span> <span class='ocrx_word' id='word_1_148' title='bbox 885 1393 975 1428; x_wconf 81' lang='lat' dir='ltr'>atque</span> <span class='ocrx_word' id='word_1_149' title='bbox 988 1390 1107 1428; x_wconf 82' lang='lat' dir='ltr'>puellas</span> <span class='ocrx_word' id='word_1_150' title='bbox 1116 1399 1127 1425; x_wconf 92' lang='lat'>,·</span> <span class='ocrx_word' id='word_1_151' title='bbox 1150 1399 1255 1419; x_wconf 81' lang='lat' dir='ltr'>verum</span> <span class='ocrx_word' id='word_1_152' title='bbox 1273 1390 1362 1429; x_wconf 78' lang='lat' dir='ltr'>Hyas</span> <span class='ocrx_word' id='word_1_153' title='bbox 1381 1394 1473 1421; x_wconf 77' lang='lat' dir='ltr'>natus</span> <span class='ocrx_word' id='word_1_154' title='bbox 1488 1395 1533 1422; x_wconf 86' lang='lat' dir='ltr'>est</span> <span class='ocrx_word' id='word_1_155' title='bbox 1546 1392 1646 1432; x_wconf 76' lang='lat' dir='ltr'>prior.</span> 
     </span>
     <span class='ocr_line' id='line_1_22' title="bbox 193 1431 1647 1474; baseline 0.001 -10"><span class='ocrx_word' id='word_1_156' title='bbox 193 1434 278 1464; x_wconf 87' lang='lat' dir='ltr'>Dum</span> <span class='ocrx_word' id='word_1_157' title='bbox 290 1433 394 1474; x_wconf 86' lang='lat' dir='ltr'>prima</span> <span class='ocrx_word' id='word_1_158' title='bbox 408 1434 531 1472; x_wconf 79' lang='lat' dir='ltr'>lanugo,</span> <span class='ocrx_word' id='word_1_159' title='bbox 555 1432 688 1463; x_wconf 86' lang='lat' dir='ltr'>concitat</span> <span class='ocrx_word' id='word_1_160' title='bbox 714 1431 839 1462; x_wconf 85' lang='lat' dir='ltr'>timidos</span> <span class='ocrx_word' id='word_1_161' title='bbox 863 1441 965 1462; x_wconf 84' lang='lat' dir='ltr'>cervos</span> <span class='ocrx_word' id='word_1_162' title='bbox 980 1431 1164 1472; x_wconf 84' lang='lat' dir='ltr'>formidine,</span> <span class='ocrx_word' id='word_1_163' title='bbox 1189 1434 1281 1471; x_wconf 77' lang='lat' dir='ltr'>atque</span> <span class='ocrx_word' id='word_1_164' title='bbox 1304 1433 1389 1472; x_wconf 82' lang='lat' dir='ltr'>lepus</span> <span class='ocrx_word' id='word_1_165' title='bbox 1413 1435 1459 1463; x_wconf 85' lang='lat' dir='ltr'>est</span> <span class='ocrx_word' id='word_1_166' title='bbox 1482 1433 1531 1463; x_wconf 81' lang='lat' dir='ltr'>illi</span> <span class='ocrx_word' id='word_1_167' title='bbox 1545 1434 1647 1474; x_wconf 85' lang='lat' dir='ltr'>ampla</span> 
     </span>
    </p>
   </div>
   <div class='ocr_carea' id='block_1_6' title="bbox 802 1519 1038 1531">
    <p class='ocr_par' dir='ltr' id='par_1_8' title="bbox 802 1519 1038 1531">
     <span class='ocr_line' id='line_1_23' title="bbox 802 1519 1038 1531; baseline 0 0"><span class='ocrx_word' id='word_1_168' title='bbox 802 1519 1038 1531; x_wconf 62' lang='lat' dir='ltr'>eeeeeeeeeeee</span> 
     </span>
    </p>
   </div>
   <div class='ocr_carea' id='block_1_7' title="bbox 192 1575 1649 1873">
    <p class='ocr_par' dir='ltr' id='par_1_9' title="bbox 192 1575 1649 1873">
     <span class='ocr_line' id='line_1_24' title="bbox 194 1575 1648 1617; baseline 0 -9"><span class='ocrx_word' id='word_1_169' title='bbox 194 1577 269 1608; x_wconf 78' lang='lat' dir='ltr'>tulit</span> <span class='ocrx_word' id='word_1_170' title='bbox 285 1586 327 1608; x_wconf 88' lang='lat' dir='ltr'>ex</span> <span class='ocrx_word' id='word_1_171' title='bbox 351 1587 416 1608; x_wconf 90' lang='lat' dir='ltr'>uno</span> <span class='ocrx_word' id='word_1_172' title='bbox 445 1587 503 1608; x_wconf 77' lang='lat' dir='ltr'>suo</span> <span class='ocrx_word' id='word_1_173' title='bbox 526 1576 672 1607; x_wconf 84' lang='lat' dir='ltr'>‘infiniae</span> <span class='ocrx_word' id='word_1_174' title='bbox 701 1575 879 1608; x_wconf 77' lang='lat' dir='ltr'>vetustatis</span> <span class='ocrx_word' id='word_1_175' title='bbox 895 1575 915 1607; x_wconf 73' lang='grc' dir='ltr'>ε’</span> <span class='ocrx_word' id='word_1_176' title='bbox 942 1576 1072 1616; x_wconf 77' lang='lat' dir='ltr'>Capreis</span> <span class='ocrx_word' id='word_1_177' title='bbox 1086 1575 1223 1616; x_wconf 86' lang='lat' dir='ltr'>plurimi</span> <span class='ocrx_word' id='word_1_178' title='bbox 1239 1575 1358 1616; x_wconf 86' lang='lat' dir='ltr'>scripti</span> <span class='ocrx_word' id='word_1_179' title='bbox 1382 1585 1458 1607; x_wconf 91' lang='lat' dir='ltr'>cum</span> <span class='ocrx_word' id='word_1_180' title='bbox 1481 1576 1572 1617; x_wconf 84' lang='lat' dir='ltr'>vulg.</span> <span class='ocrx_word' id='word_1_181' title='bbox 1591 1577 1648 1608; x_wconf 82' lang='lat' dir='ltr'>Fr.</span> 
     </span>
     <span class='ocr_line' id='line_1_25' title="bbox 194 1619 1647 1660; baseline -0.001 -9"><span class='ocrx_word' id='word_1_182' title='bbox 194 1626 229 1651; x_wconf 80' lang='lat' dir='ltr'>et</span> <span class='ocrx_word' id='word_1_183' title='bbox 245 1625 312 1650; x_wconf 83' lang='lat' dir='ltr'>tres</span> <span class='ocrx_word' id='word_1_184' title='bbox 327 1620 383 1650; x_wconf 87' lang='lat' dir='ltr'>alii</span> <span class='ocrx_word' id='word_1_185' title='bbox 397 1621 514 1660; x_wconf 84' lang='lat' dir='ltr'>campis</span> <span class='ocrx_word' id='word_1_186' title='bbox 528 1630 538 1656; x_wconf 92' lang='lat'><em>;</em></span> <span class='ocrx_word' id='word_1_187' title='bbox 563 1625 632 1650; x_wconf 90' lang='lat' dir='ltr'>tres</span> <span class='ocrx_word' id='word_1_188' title='bbox 649 1620 734 1650; x_wconf 72' lang='lat' dir='ltr'>canis</span> <span class='ocrx_word' id='word_1_189' title='bbox 745 1631 755 1651; x_wconf 86' lang='lat'>.·</span> <span class='ocrx_word' id='word_1_190' title='bbox 778 1620 822 1650; x_wconf 89' lang='lat' dir='ltr'>V.</span> <span class='ocrx_word' id='word_1_191' title='bbox 838 1628 889 1659; x_wconf 86' lang='lat' dir='ltr'>pr.</span> <span class='ocrx_word' id='word_1_192' title='bbox 919 1619 1061 1649; x_wconf 79' lang='lat' dir='ltr'>Candida</span> <span class='ocrx_word' id='word_1_193' title='bbox 1080 1628 1139 1658; x_wconf 85' lang='lat' dir='ltr'>qua</span> <span class='ocrx_word' id='word_1_194' title='bbox 1154 1619 1356 1649; x_wconf 59' lang='lat' dir='ltr'>canis—163</span> <span class='ocrx_word' id='word_1_195' title='bbox 1381 1619 1537 1650; x_wconf 86' lang='lat' dir='ltr'>Inducunt</span> <span class='ocrx_word' id='word_1_196' title='bbox 1553 1619 1647 1650; x_wconf 88' lang='lat' dir='ltr'>meli-</span> 
     </span>
     <span class='ocr_line' id='line_1_26' title="bbox 192 1660 1648 1701; baseline -0.001 -8"><span class='ocrx_word' id='word_1_197' title='bbox 192 1672 278 1701; x_wconf 83' lang='lat' dir='ltr'>ores,</span> <span class='ocrx_word' id='word_1_198' title='bbox 303 1667 391 1693; x_wconf 81' lang='lat' dir='ltr'>teste</span> <span class='ocrx_word' id='word_1_199' title='bbox 416 1662 533 1693; x_wconf 82' lang='lat' dir='ltr'>Heius.</span> <span class='ocrx_word' id='word_1_200' title='bbox 562 1662 667 1693; x_wconf 75' lang='lat' dir='ltr'>ceteri</span> <span class='ocrx_word' id='word_1_201' title='bbox 693 1662 854 1697; x_wconf 82' lang='lat' dir='ltr'>inducent,·</span> <span class='ocrx_word' id='word_1_202' title='bbox 881 1665 915 1691; x_wconf 85' lang='lat' dir='ltr'>at</span> <span class='ocrx_word' id='word_1_203' title='bbox 942 1660 1022 1692; x_wconf 83' lang='lat' dir='ltr'>Jun.</span> <span class='ocrx_word' id='word_1_204' title='bbox 1038 1660 1209 1691; x_wconf 82' lang='lat' dir='ltr'>induerint.</span> <span class='ocrx_word' id='word_1_205' title='bbox 1255 1661 1339 1691; x_wconf 86' lang='lat' dir='ltr'>Tum</span> <span class='ocrx_word' id='word_1_206' title='bbox 1363 1670 1446 1692; x_wconf 84' lang='lat' dir='ltr'>unus</span> <span class='ocrx_word' id='word_1_207' title='bbox 1468 1661 1587 1692; x_wconf 88' lang='lat' dir='ltr'>Heius.</span> <span class='ocrx_word' id='word_1_208' title='bbox 1612 1666 1648 1692; x_wconf 88' lang='lat' dir='ltr'>et</span> 
     </span>
     <span class='ocr_line' id='line_1_27' title="bbox 194 1702 1648 1745; baseline -0.001 -10"><span class='ocrx_word' id='word_1_209' title='bbox 194 1705 290 1735; x_wconf 84' lang='lat' dir='ltr'>inulti</span> <span class='ocrx_word' id='word_1_210' title='bbox 315 1705 371 1735; x_wconf 85' lang='lat' dir='ltr'>alii</span> <span class='ocrx_word' id='word_1_211' title='bbox 386 1708 536 1735; x_wconf 79' lang='lat' dir='ltr'>nocturna</span> <span class='ocrx_word' id='word_1_212' title='bbox 557 1707 798 1745; x_wconf 83' lang='lat' dir='ltr'>crepusc.—165</span> <span class='ocrx_word' id='word_1_213' title='bbox 823 1705 900 1734; x_wconf 89' lang='lat' dir='ltr'>Duo</span> <span class='ocrx_word' id='word_1_214' title='bbox 918 1703 993 1733; x_wconf 83' lang='lat' dir='ltr'>libri</span> <span class='ocrx_word' id='word_1_215' title='bbox 1018 1708 1052 1734; x_wconf 83' lang='lat' dir='ltr'>et</span> <span class='ocrx_word' id='word_1_216' title='bbox 1079 1703 1142 1733; x_wconf 88' lang='lat' dir='ltr'>Be.</span> <span class='ocrx_word' id='word_1_217' title='bbox 1157 1702 1294 1734; x_wconf 85' lang='lat' dir='ltr'>radiant.</span> <span class='ocrx_word' id='word_1_218' title='bbox 1309 1704 1523 1735; x_wconf 64' lang='lat' dir='ltr'>stellis—167</span> <span class='ocrx_word' id='word_1_219' title='bbox 1547 1704 1648 1735; x_wconf 81' lang='lat' dir='ltr'>Putat</span> 
     </span>
     <span class='ocr_line' id='line_1_28' title="bbox 195 1745 1649 1787; baseline -0.001 -10"><span class='ocrx_word' id='word_1_220' title='bbox 195 1751 278 1778; x_wconf 89' lang='lat' dir='ltr'>vett.</span> <span class='ocrx_word' id='word_1_221' title='bbox 292 1748 464 1786; x_wconf 88' lang='lat' dir='ltr'>nonnulli;</span> <span class='ocrx_word' id='word_1_222' title='bbox 485 1748 669 1778; x_wconf 87' lang='lat' dir='ltr'>venustius.</span> <span class='ocrx_word' id='word_1_223' title='bbox 685 1747 796 1778; x_wconf 79' lang='lat' dir='ltr'>Heins.</span> <span class='ocrx_word' id='word_1_224' title='bbox 843 1746 890 1777; x_wconf 75' lang='lat' dir='ltr'>At</span> <span class='ocrx_word' id='word_1_225' title='bbox 903 1749 992 1786; x_wconf 81' lang='lat' dir='ltr'>putat</span> <span class='ocrx_word' id='word_1_226' title='bbox 1008 1755 1073 1776; x_wconf 90' lang='lat' dir='ltr'>non</span> <span class='ocrx_word' id='word_1_227' title='bbox 1089 1746 1291 1776; x_wconf 84' lang='lat' dir='ltr'>movendum</span> <span class='ocrx_word' id='word_1_228' title='bbox 1307 1751 1424 1777; x_wconf 81' lang='lat' dir='ltr'>censet</span> <span class='ocrx_word' id='word_1_229' title='bbox 1438 1747 1555 1777; x_wconf 88' lang='lat' dir='ltr'>Bnrm.</span> <span class='ocrx_word' id='word_1_230' title='bbox 1571 1745 1649 1787; x_wconf 79' lang='lat' dir='ltr'>quia</span> 
     </span>
     <span class='ocr_line' id='line_1_29' title="bbox 193 1788 1645 1831; baseline -0.001 -11"><span class='ocrx_word' id='word_1_231' title='bbox 193 1792 201 1806; x_wconf 80' lang='lat'>‘</span> <span class='ocrx_word' id='word_1_232' title='bbox 217 1789 379 1820; x_wconf 82' lang='lat' dir='ltr'>credidit&#39;</span> <span class='ocrx_word' id='word_1_233' title='bbox 404 1791 575 1831; x_wconf 87' lang='lat' dir='ltr'>sequitur:</span> <span class='ocrx_word' id='word_1_234' title='bbox 601 1791 661 1820; x_wconf 86' lang='lat' dir='ltr'>Be.</span> <span class='ocrx_word' id='word_1_235' title='bbox 683 1789 785 1820; x_wconf 82' lang='lat' dir='ltr'>habet</span> <span class='ocrx_word' id='word_1_236' title='bbox 802 1788 1035 1827; x_wconf 84' lang='lat' dir='ltr'>ferunt.—l7l</span> <span class='ocrx_word' id='word_1_237' title='bbox 1060 1788 1150 1819; x_wconf 92' lang='lat' dir='ltr'>Mor.</span> <span class='ocrx_word' id='word_1_238' title='bbox 1167 1788 1195 1818; x_wconf 92' lang='grc' dir='ltr'>Ο</span> <span class='ocrx_word' id='word_1_239' title='bbox 1210 1788 1359 1819; x_wconf 86' lang='lat' dir='ltr'>maternis</span> <span class='ocrx_word' id='word_1_240' title='bbox 1381 1789 1440 1820; x_wconf 78' lang='lat' dir='ltr'>nis.</span> <span class='ocrx_word' id='word_1_241' title='bbox 1485 1789 1573 1819; x_wconf 89' lang='lat' dir='ltr'>Tum</span> <span class='ocrx_word' id='word_1_242' title='bbox 1590 1789 1645 1819; x_wconf 87' lang='lat' dir='ltr'>Fr.</span> 
     </span>
     <span class='ocr_line' id='line_1_30' title="bbox 193 1830 1649 1873; baseline -0.001 -10"><span class='ocrx_word' id='word_1_243' title='bbox 193 1840 267 1863; x_wconf 87' lang='lat' dir='ltr'>cum</span> <span class='ocrx_word' id='word_1_244' title='bbox 295 1832 445 1873; x_wconf 84' lang='lat' dir='ltr'>plurimis</span> <span class='ocrx_word' id='word_1_245' title='bbox 472 1833 543 1863; x_wconf 86' lang='lat' dir='ltr'>aliis</span> <span class='ocrx_word' id='word_1_246' title='bbox 568 1832 697 1863; x_wconf 81' lang='lat' dir='ltr'>nexibus</span> <span class='ocrx_word' id='word_1_247' title='bbox 721 1833 775 1863; x_wconf 89' lang='lat' dir='ltr'>AE.</span> <span class='ocrx_word' id='word_1_248' title='bbox 794 1832 850 1866; x_wconf 83' lang='lat' dir='ltr'>Sa.</span> <span class='ocrx_word' id='word_1_249' title='bbox 871 1837 907 1862; x_wconf 90' lang='lat' dir='ltr'>et</span> <span class='ocrx_word' id='word_1_250' title='bbox 927 1836 1058 1871; x_wconf 86' lang='lat' dir='ltr'>septem</span> <span class='ocrx_word' id='word_1_251' title='bbox 1081 1830 1138 1861; x_wconf 87' lang='lat' dir='ltr'>alii</span> <span class='ocrx_word' id='word_1_252' title='bbox 1158 1830 1429 1869; x_wconf 53' lang='lat' dir='ltr'>mensibuQ—I‘IS</span> <span class='ocrx_word' id='word_1_253' title='bbox 1452 1830 1493 1861; x_wconf 80' lang='grc' dir='ltr'>Τὸ</span> <span class='ocrx_word' id='word_1_254' title='bbox 1508 1835 1553 1862; x_wconf 85' lang='lat' dir='ltr'>est</span> <span class='ocrx_word' id='word_1_255' title='bbox 1570 1836 1649 1872; x_wconf 90' lang='lat' dir='ltr'>post</span> 
     </span>
    </p>
   </div>
   <div class='ocr_carea' id='block_1_8' title="bbox 849 1927 988 1960">
    <p class='ocr_par' dir='ltr' id='par_1_10' title="bbox 849 1927 988 1960">
     <span class='ocr_line' id='line_1_31' title="bbox 849 1927 988 1960; baseline 0 -1"><span class='ocrx_word' id='word_1_256' title='bbox 849 1927 988 1960; x_wconf 86' lang='lat' dir='ltr'><strong>NOTAE</strong></span> 
     </span>
    </p>
   </div>
   <div class='ocr_carea' id='block_1_9' title="bbox 195 2008 891 2098">
    <p class='ocr_par' dir='ltr' id='par_1_11' title="bbox 195 2008 891 2098">
     <span class='ocr_line' id='line_1_32' title="bbox 238 2008 891 2049; baseline -0.002 -9"><span class='ocrx_word' id='word_1_257' title='bbox 238 2012 297 2040; x_wconf 87' lang='grc'>161</span> <span class='ocrx_word' id='word_1_258' title='bbox 321 2008 484 2049; x_wconf 82' lang='lat' dir='ltr'>Argestes]</span> <span class='ocrx_word' id='word_1_259' title='bbox 533 2009 663 2040; x_wconf 87' lang='lat' dir='ltr'>Ventus</span> <span class='ocrx_word' id='word_1_260' title='bbox 699 2010 740 2040; x_wconf 84' lang='lat' dir='ltr'>ab</span> <span class='ocrx_word' id='word_1_261' title='bbox 771 2019 891 2041; x_wconf 87' lang='lat' dir='ltr'>occasu</span> 
     </span>
     <span class='ocr_line' id='line_1_33' title="bbox 195 2058 764 2098; baseline -0.004 -8"><span class='ocrx_word' id='word_1_262' title='bbox 195 2058 378 2097; x_wconf 82' lang='lat' dir='ltr'>solstitiali,</span> <span class='ocrx_word' id='word_1_263' title='bbox 393 2058 449 2098; x_wconf 89' lang='lat' dir='ltr'>qui</span> <span class='ocrx_word' id='word_1_264' title='bbox 467 2062 503 2088; x_wconf 90' lang='lat' dir='ltr'>et</span> <span class='ocrx_word' id='word_1_265' title='bbox 518 2058 626 2098; x_wconf 81' lang='lat' dir='ltr'>Iapyx</span> <span class='ocrx_word' id='word_1_266' title='bbox 638 2059 764 2090; x_wconf 79' lang='lat' dir='ltr'>dictus.</span> 
     </span>
    </p>
   </div>
   <div class='ocr_carea' id='block_1_10' title="bbox 945 2006 1648 2091">
    <p class='ocr_par' dir='ltr' id='par_1_12' title="bbox 945 2006 1648 2091">
     <span class='ocr_line' id='line_1_34' title="bbox 946 2006 1648 2049; baseline 0 -10"><span class='ocrx_word' id='word_1_267' title='bbox 946 2009 1048 2046; x_wconf 80' lang='lat' dir='ltr'>filiae;</span> <span class='ocrx_word' id='word_1_268' title='bbox 1087 2017 1187 2049; x_wconf 88' lang='lat' dir='ltr'>quam</span> <span class='ocrx_word' id='word_1_269' title='bbox 1214 2007 1342 2049; x_wconf 84' lang='lat' dir='ltr'>Tethys</span> <span class='ocrx_word' id='word_1_270' title='bbox 1370 2007 1506 2048; x_wconf 88' lang='lat' dir='ltr'>peperit</span> <span class='ocrx_word' id='word_1_271' title='bbox 1532 2016 1576 2037; x_wconf 84' lang='lat' dir='ltr'>ex</span> <span class='ocrx_word' id='word_1_272' title='bbox 1601 2006 1648 2039; x_wconf 95' lang='grc' dir='ltr'>Ο-</span> 
     </span>
     <span class='ocr_line' id='line_1_35' title="bbox 945 2069 1061 2091; baseline 0 -1"><span class='ocrx_word' id='word_1_273' title='bbox 945 2069 1061 2091; x_wconf 86' lang='lat' dir='ltr'>ceano.</span> 
     </span>
    </p>
   </div>
   <div class='ocr_carea' id='block_1_11' title="bbox 194 2107 895 2803">
    <p class='ocr_par' dir='ltr' id='par_1_13' title="bbox 194 2107 892 2290">
     <span class='ocr_line' id='line_1_36' title="bbox 239 2107 892 2146; baseline 0.002 -8"><span class='ocrx_word' id='word_1_274' title='bbox 239 2111 300 2139; x_wconf 87' lang='grc'>162</span> <span class='ocrx_word' id='word_1_275' title='bbox 325 2107 481 2146; x_wconf 82' lang='lat' dir='ltr'>Calabris]</span> <span class='ocrx_word' id='word_1_276' title='bbox 506 2108 592 2139; x_wconf 85' lang='lat' dir='ltr'>Quae</span> <span class='ocrx_word' id='word_1_277' title='bbox 605 2109 639 2138; x_wconf 88' lang='lat' dir='ltr'>in</span> <span class='ocrx_word' id='word_1_278' title='bbox 654 2113 807 2139; x_wconf 85' lang='lat' dir='ltr'>extrema</span> <span class='ocrx_word' id='word_1_279' title='bbox 822 2109 892 2140; x_wconf 85' lang='lat' dir='ltr'>Ita-</span> 
     </span>
     <span class='ocr_line' id='line_1_37' title="bbox 194 2157 891 2197; baseline 0 -9"><span class='ocrx_word' id='word_1_280' title='bbox 194 2158 249 2190; x_wconf 81' lang='lat' dir='ltr'>iia.</span> <span class='ocrx_word' id='word_1_281' title='bbox 282 2157 486 2196; x_wconf 86' lang='lat' dir='ltr'>Brundusio,</span> <span class='ocrx_word' id='word_1_282' title='bbox 509 2158 581 2187; x_wconf 84' lang='lat' dir='ltr'>scil.</span> <span class='ocrx_word' id='word_1_283' title='bbox 606 2157 773 2188; x_wconf 82' lang='lat' dir='ltr'>Calabriae</span> <span class='ocrx_word' id='word_1_284' title='bbox 796 2158 891 2197; x_wconf 81' lang='lat' dir='ltr'>urbe,</span> 
     </span>
     <span class='ocr_line' id='line_1_38' title="bbox 196 2208 892 2249; baseline 0 -10"><span class='ocrx_word' id='word_1_285' title='bbox 196 2208 386 2246; x_wconf 88' lang='lat' dir='ltr'>solvebant,</span> <span class='ocrx_word' id='word_1_286' title='bbox 398 2208 634 2247; x_wconf 80' lang='lat' dir='ltr'>utplurimum,</span> <span class='ocrx_word' id='word_1_287' title='bbox 651 2209 757 2249; x_wconf 91' lang='lat' dir='ltr'>quiin</span> <span class='ocrx_word' id='word_1_288' title='bbox 771 2209 892 2240; x_wconf 91' lang='lat' dir='ltr'>Orien-</span> 
     </span>
     <span class='ocr_line' id='line_1_39' title="bbox 197 2258 637 2290; baseline 0 0"><span class='ocrx_word' id='word_1_289' title='bbox 197 2263 265 2290; x_wconf 81' lang='lat' dir='ltr'>tem</span> <span class='ocrx_word' id='word_1_290' title='bbox 281 2259 357 2289; x_wconf 87' lang='lat' dir='ltr'>navi</span> <span class='ocrx_word' id='word_1_291' title='bbox 375 2258 637 2290; x_wconf 79' lang='lat' dir='ltr'>contendebant.</span> 
     </span>
    </p>

    <p class='ocr_par' dir='ltr' id='par_1_14' title="bbox 196 2309 894 2551">
     <span class='ocr_line' id='line_1_40' title="bbox 239 2309 893 2349; baseline -0.002 -8"><span class='ocrx_word' id='word_1_292' title='bbox 239 2312 301 2341; x_wconf 82' lang='lat'>163</span> <span class='ocrx_word' id='word_1_293' title='bbox 315 2309 429 2349; x_wconf 88' lang='lat' dir='ltr'>Simul]</span> <span class='ocrx_word' id='word_1_294' title='bbox 443 2309 495 2339; x_wconf 87' lang='lat' dir='ltr'>Ne</span> <span class='ocrx_word' id='word_1_295' title='bbox 509 2314 577 2339; x_wconf 78' lang='lat' dir='ltr'>tani</span> <span class='ocrx_word' id='word_1_296' title='bbox 591 2309 744 2349; x_wconf 88' lang='lat' dir='ltr'>quidem:</span> <span class='ocrx_word' id='word_1_297' title='bbox 764 2309 893 2340; x_wconf 83' lang='lat' dir='ltr'>heliace</span> 
     </span>
     <span class='ocr_line' id='line_1_41' title="bbox 196 2359 893 2400; baseline 0 -10"><span class='ocrx_word' id='word_1_298' title='bbox 196 2369 341 2400; x_wconf 87' lang='lat' dir='ltr'>namque</span> <span class='ocrx_word' id='word_1_299' title='bbox 376 2359 514 2400; x_wconf 84' lang='lat' dir='ltr'>Hyades</span> <span class='ocrx_word' id='word_1_300' title='bbox 545 2360 712 2389; x_wconf 81' lang='lat' dir='ltr'>matutino</span> <span class='ocrx_word' id='word_1_301' title='bbox 741 2364 893 2399; x_wconf 81' lang='lat' dir='ltr'>tempore</span> 
     </span>
     <span class='ocr_line' id='line_1_42' title="bbox 197 2408 893 2448; baseline -0.001 -7"><span class='ocrx_word' id='word_1_302' title='bbox 197 2414 268 2441; x_wconf 86' lang='lat' dir='ltr'>tum</span> <span class='ocrx_word' id='word_1_303' title='bbox 283 2409 449 2447; x_wconf 80' lang='lat' dir='ltr'>oriuntur,</span> <span class='ocrx_word' id='word_1_304' title='bbox 472 2408 573 2448; x_wconf 84' lang='lat' dir='ltr'>paulo</span> <span class='ocrx_word' id='word_1_305' title='bbox 588 2413 665 2439; x_wconf 82' lang='lat' dir='ltr'>aute</span> <span class='ocrx_word' id='word_1_306' title='bbox 687 2408 773 2439; x_wconf 84' lang='lat' dir='ltr'>Solis</span> <span class='ocrx_word' id='word_1_307' title='bbox 798 2419 893 2440; x_wconf 85' lang='lat' dir='ltr'>exor-</span> 
     </span>
     <span class='ocr_line' id='line_1_43' title="bbox 198 2459 894 2499; baseline 0 -9"><span class='ocrx_word' id='word_1_308' title='bbox 198 2464 287 2491; x_wconf 88' lang='lat' dir='ltr'>tum:</span> <span class='ocrx_word' id='word_1_309' title='bbox 313 2468 380 2489; x_wconf 88' lang='lat' dir='ltr'>non</span> <span class='ocrx_word' id='word_1_310' title='bbox 399 2462 538 2498; x_wconf 87' lang='lat' dir='ltr'>possunt</span> <span class='ocrx_word' id='word_1_311' title='bbox 555 2467 730 2499; x_wconf 79' lang='lat' dir='ltr'>emergere</span> <span class='ocrx_word' id='word_1_312' title='bbox 746 2459 861 2490; x_wconf 80' lang='lat' dir='ltr'>statim</span> <span class='ocrx_word' id='word_1_313' title='bbox 875 2470 894 2491; x_wconf 83' lang='lat' dir='ltr'>a</span> 
     </span>
     <span class='ocr_line' id='line_1_44' title="bbox 196 2511 407 2551; baseline -0.014 -9"><span class='ocrx_word' id='word_1_314' title='bbox 196 2511 407 2551; x_wconf 84' lang='lat' dir='ltr'>crepusculo.</span> 
     </span>
    </p>

    <p class='ocr_par' dir='ltr' id='par_1_15' title="bbox 197 2559 895 2694">
     <span class='ocr_line' id='line_1_45' title="bbox 240 2559 893 2607; baseline 0 -15"><span class='ocrx_word' id='word_1_315' title='bbox 240 2563 300 2592; x_wconf 85' lang='grc'>165</span> <span class='ocrx_word' id='word_1_316' title='bbox 326 2559 407 2599; x_wconf 86' lang='lat' dir='ltr'>Ora]</span> <span class='ocrx_word' id='word_1_317' title='bbox 427 2559 517 2592; x_wconf 68' lang='lat' dir='ltr'>Quia</span> <span class='ocrx_word' id='word_1_318' title='bbox 532 2560 564 2590; x_wconf 91' lang='lat' dir='ltr'>in</span> <span class='ocrx_word' id='word_1_319' title='bbox 580 2560 681 2590; x_wconf 83' lang='lat' dir='ltr'>Tauri</span> <span class='ocrx_word' id='word_1_320' title='bbox 697 2559 811 2607; x_wconf 69' lang='lat' dir='ltr'>fronte</span> <span class='ocrx_word' id='word_1_321' title='bbox 827 2562 893 2592; x_wconf 65' lang='lat' dir='ltr'>illa·</span> 
     </span>
     <span class='ocr_line' id='line_1_46' title="bbox 198 2609 895 2652; baseline 0.001 -10"><span class='ocrx_word' id='word_1_322' title='bbox 198 2611 303 2643; x_wconf 84' lang='lat' dir='ltr'>stellae</span> <span class='ocrx_word' id='word_1_323' title='bbox 329 2609 467 2650; x_wconf 79' lang='lat' dir='ltr'>Hyades</span> <span class='ocrx_word' id='word_1_324' title='bbox 495 2610 626 2650; x_wconf 84' lang='lat' dir='ltr'>positae,</span> <span class='ocrx_word' id='word_1_325' title='bbox 653 2615 691 2641; x_wconf 90' lang='lat' dir='ltr'>ut</span> <span class='ocrx_word' id='word_1_326' title='bbox 717 2621 810 2652; x_wconf 87' lang='lat' dir='ltr'>saepe</span> <span class='ocrx_word' id='word_1_327' title='bbox 826 2611 895 2643; x_wconf 90' lang='lat' dir='ltr'>dic-</span> 
     </span>
     <span class='ocr_line' id='line_1_47' title="bbox 197 2666 279 2694; baseline -0.012 0"><span class='ocrx_word' id='word_1_328' title='bbox 197 2666 279 2694; x_wconf 87' lang='lat' dir='ltr'>tum.</span> 
     </span>
    </p>

    <p class='ocr_par' dir='ltr' id='par_1_16' title="bbox 242 2708 756 2751">
     <span class='ocr_line' id='line_1_48' title="bbox 242 2708 756 2751; baseline -0.004 -8"><span class='ocrx_word' id='word_1_329' title='bbox 242 2711 359 2751; x_wconf 86' lang='lat' dir='ltr'>Imbre]</span> <span class='ocrx_word' id='word_1_330' title='bbox 375 2708 459 2742; x_wconf 73' lang='lat' dir='ltr'>“Tem</span> <span class='ocrx_word' id='word_1_331' title='bbox 474 2711 562 2741; x_wconf 70' lang='lat' dir='ltr'>enim</span> <span class='ocrx_word' id='word_1_332' title='bbox 579 2715 631 2741; x_wconf 73' lang='lat' dir='ltr'>e—t</span> <span class='ocrx_word' id='word_1_333' title='bbox 644 2711 756 2750; x_wconf 84' lang='lat' dir='ltr'>pluere.</span> 
     </span>
    </p>

    <p class='ocr_par' dir='ltr' id='par_1_17' title="bbox 242 2761 894 2803">
     <span class='ocr_line' id='line_1_49' title="bbox 242 2761 894 2803; baseline -0.002 -8"><span class='ocrx_word' id='word_1_334' title='bbox 242 2766 303 2795; x_wconf 87' lang='grc'>168</span> <span class='ocrx_word' id='word_1_335' title='bbox 328 2762 461 2803; x_wconf 78' lang='lat' dir='ltr'>Neptes]</span> <span class='ocrx_word' id='word_1_336' title='bbox 485 2762 573 2794; x_wconf 70' lang='lat' dir='ltr'>Quia</span> <span class='ocrx_word' id='word_1_337' title='bbox 588 2761 715 2793; x_wconf 77' lang='lat' dir='ltr'>AEthrae</span> <span class='ocrx_word' id='word_1_338' title='bbox 737 2761 894 2803; x_wconf 82' lang='lat' dir='ltr'>nymphae</span> 
     </span>
    </p>
   </div>
   <div class='ocr_carea' id='block_1_12' title="bbox 945 2108 1682 2802">
    <p class='ocr_par' dir='ltr' id='par_1_18' title="bbox 945 2108 1646 2238">
     <span class='ocr_line' id='line_1_50' title="bbox 990 2108 1646 2150; baseline 0.002 -10"><span class='ocrx_word' id='word_1_339' title='bbox 990 2112 1051 2141; x_wconf 86' lang='grc'>169</span> <span class='ocrx_word' id='word_1_340' title='bbox 1075 2108 1202 2149; x_wconf 81' lang='lat' dir='ltr'>Stabat]</span> <span class='ocrx_word' id='word_1_341' title='bbox 1225 2108 1265 2139; x_wconf 90' lang='lat' dir='ltr'>In</span> <span class='ocrx_word' id='word_1_342' title='bbox 1282 2113 1430 2139; x_wconf 83' lang='lat' dir='ltr'>montem</span> <span class='ocrx_word' id='word_1_343' title='bbox 1445 2117 1576 2149; x_wconf 84' lang='lat' dir='ltr'>versus,</span> <span class='ocrx_word' id='word_1_344' title='bbox 1589 2110 1646 2150; x_wconf 89' lang='lat' dir='ltr'>qui</span> 
     </span>
     <span class='ocr_line' id='line_1_51' title="bbox 947 2157 1646 2198; baseline 0.001 -9"><span class='ocrx_word' id='word_1_345' title='bbox 947 2158 1131 2198; x_wconf 87' lang='lat' dir='ltr'>Olympum</span> <span class='ocrx_word' id='word_1_346' title='bbox 1164 2167 1223 2188; x_wconf 88' lang='lat' dir='ltr'>seu</span> <span class='ocrx_word' id='word_1_347' title='bbox 1251 2158 1374 2188; x_wconf 90' lang='lat' dir='ltr'>coelum</span> <span class='ocrx_word' id='word_1_348' title='bbox 1406 2157 1552 2189; x_wconf 83' lang='lat' dir='ltr'>humeris</span> <span class='ocrx_word' id='word_1_349' title='bbox 1578 2159 1646 2190; x_wconf 90' lang='lat' dir='ltr'>suis</span> 
     </span>
     <span class='ocr_line' id='line_1_52' title="bbox 945 2207 1139 2238; baseline 0.01 -2"><span class='ocrx_word' id='word_1_350' title='bbox 945 2207 1139 2238; x_wconf 79' lang='lat' dir='ltr'>sustineret.</span> 
     </span>
    </p>

    <p class='ocr_par' dir='ltr' id='par_1_19' title="bbox 947 2255 1682 2396">
     <span class='ocr_line' id='line_1_53' title="bbox 990 2255 1647 2298; baseline 0 -10"><span class='ocrx_word' id='word_1_351' title='bbox 990 2260 1051 2288; x_wconf 88' lang='grc'>170</span> <span class='ocrx_word' id='word_1_352' title='bbox 1076 2256 1181 2297; x_wconf 82' lang='lat' dir='ltr'>Hyas]</span> <span class='ocrx_word' id='word_1_353' title='bbox 1204 2255 1354 2287; x_wconf 86' lang='lat' dir='ltr'>Atlantis</span> <span class='ocrx_word' id='word_1_354' title='bbox 1382 2266 1514 2298; x_wconf 82' lang='lat' dir='ltr'>quoque</span> <span class='ocrx_word' id='word_1_355' title='bbox 1540 2256 1647 2288; x_wconf 86' lang='lat' dir='ltr'>filium</span> 
     </span>
     <span class='ocr_line' id='line_1_54' title="bbox 947 2306 1682 2357; baseline 0.003 -20"><span class='ocrx_word' id='word_1_356' title='bbox 947 2306 1031 2337; x_wconf 84' lang='lat' dir='ltr'>facit</span> <span class='ocrx_word' id='word_1_357' title='bbox 1047 2306 1225 2347; x_wconf 83' lang='lat' dir='ltr'>Hyginus;</span> <span class='ocrx_word' id='word_1_358' title='bbox 1244 2306 1300 2347; x_wconf 90' lang='lat' dir='ltr'>qni</span> <span class='ocrx_word' id='word_1_359' title='bbox 1314 2306 1647 2357; x_wconf 49' lang='lat' dir='ltr'>Fabularinq&#39;capite</span> <span class='ocrx_word' id='word_1_360' title='bbox 1680 2328 1682 2332; x_wconf 90' lang='lat'><em>-</em></span> 
     </span>
     <span class='ocr_line' id='line_1_55' title="bbox 949 2355 1490 2396; baseline 0.002 -9"><span class='ocrx_word' id='word_1_361' title='bbox 949 2360 1020 2388; x_wconf 84' lang='grc'>192.</span> <span class='ocrx_word' id='word_1_362' title='bbox 1037 2357 1110 2387; x_wconf 88' lang='lat' dir='ltr'>haec</span> <span class='ocrx_word' id='word_1_363' title='bbox 1128 2361 1163 2386; x_wconf 91' lang='lat' dir='ltr'>et</span> <span class='ocrx_word' id='word_1_364' title='bbox 1179 2356 1244 2387; x_wconf 81' lang='lat' dir='ltr'>alia</span> <span class='ocrx_word' id='word_1_365' title='bbox 1261 2356 1357 2396; x_wconf 85' lang='lat' dir='ltr'>plura</span> <span class='ocrx_word' id='word_1_366' title='bbox 1374 2355 1490 2388; x_wconf 84' lang='lat' dir='ltr'>refert.</span> 
     </span>
    </p>

    <p class='ocr_par' dir='ltr' id='par_1_20' title="bbox 992 2405 1454 2447">
     <span class='ocr_line' id='line_1_56' title="bbox 992 2405 1454 2447; baseline 0.002 -9"><span class='ocrx_word' id='word_1_367' title='bbox 992 2410 1050 2438; x_wconf 88' lang='grc'>171</span> <span class='ocrx_word' id='word_1_368' title='bbox 1076 2407 1199 2447; x_wconf 84' lang='lat' dir='ltr'>Stirps]</span> <span class='ocrx_word' id='word_1_369' title='bbox 1222 2407 1359 2447; x_wconf 88' lang='lat' dir='ltr'>Quippe</span> <span class='ocrx_word' id='word_1_370' title='bbox 1372 2405 1454 2439; x_wconf 78' lang='lat' dir='ltr'>filia.</span> 
     </span>
    </p>

    <p class='ocr_par' dir='ltr' id='par_1_21' title="bbox 992 2458 1281 2499">
     <span class='ocr_line' id='line_1_57' title="bbox 992 2458 1281 2499; baseline 0 -11"><span class='ocrx_word' id='word_1_371' title='bbox 992 2458 1137 2499; x_wconf 85' lang='lat' dir='ltr'>Nisibus]</span> <span class='ocrx_word' id='word_1_372' title='bbox 1159 2458 1281 2488; x_wconf 83' lang='lat' dir='ltr'>Partu.</span> 
     </span>
    </p>

    <p class='ocr_par' dir='ltr' id='par_1_22' title="bbox 950 2508 1647 2640">
     <span class='ocr_line' id='line_1_58' title="bbox 992 2508 1647 2548; baseline 0.003 -8"><span class='ocrx_word' id='word_1_373' title='bbox 992 2512 1053 2540; x_wconf 79' lang='lat'>173</span> <span class='ocrx_word' id='word_1_374' title='bbox 1076 2510 1163 2540; x_wconf 85' lang='lat' dir='ltr'>Dum</span> <span class='ocrx_word' id='word_1_375' title='bbox 1193 2508 1285 2548; x_wconf 80' lang='lat' dir='ltr'>nova]</span> <span class='ocrx_word' id='word_1_376' title='bbox 1324 2509 1408 2540; x_wconf 89' lang='lat' dir='ltr'>Cum</span> <span class='ocrx_word' id='word_1_377' title='bbox 1438 2509 1647 2543; x_wconf 74' lang='lat' dir='ltr'>adolescens.</span> 
     </span>
     <span class='ocr_line' id='line_1_59' title="bbox 950 2559 1647 2599; baseline 0.003 -9"><span class='ocrx_word' id='word_1_378' title='bbox 950 2560 1088 2599; x_wconf 82' lang='lat' dir='ltr'>Lanugo</span> <span class='ocrx_word' id='word_1_379' title='bbox 1104 2559 1191 2590; x_wconf 86' lang='lat' dir='ltr'>enim</span> <span class='ocrx_word' id='word_1_380' title='bbox 1209 2563 1280 2589; x_wconf 87' lang='lat' dir='ltr'>tum</span> <span class='ocrx_word' id='word_1_381' title='bbox 1297 2559 1478 2599; x_wconf 87' lang='lat' dir='ltr'>primulum</span> <span class='ocrx_word' id='word_1_382' title='bbox 1496 2564 1647 2592; x_wconf 86' lang='lat' dir='ltr'>mentum</span> 
     </span>
     <span class='ocr_line' id='line_1_60' title="bbox 950 2610 1062 2640; baseline 0.009 -1"><span class='ocrx_word' id='word_1_383' title='bbox 950 2610 1062 2640; x_wconf 87' lang='lat' dir='ltr'>vestit.</span> 
     </span>
    </p>

    <p class='ocr_par' dir='ltr' id='par_1_23' title="bbox 947 2658 1648 2802">
     <span class='ocr_line' id='line_1_61' title="bbox 991 2658 1648 2701; baseline 0.005 -12"><span class='ocrx_word' id='word_1_384' title='bbox 991 2658 1186 2699; x_wconf 83' lang='lat' dir='ltr'>Formidine]</span> <span class='ocrx_word' id='word_1_385' title='bbox 1212 2659 1332 2689; x_wconf 86' lang='lat' dir='ltr'>Lineas</span> <span class='ocrx_word' id='word_1_386' title='bbox 1354 2658 1497 2690; x_wconf 81' lang='lat' dir='ltr'>diximus</span> <span class='ocrx_word' id='word_1_387' title='bbox 1517 2659 1591 2701; x_wconf 83' lang='lat' dir='ltr'>jam</span> <span class='ocrx_word' id='word_1_388' title='bbox 1612 2658 1648 2693; x_wconf 82' lang='lat' dir='ltr'>iu</span> 
     </span>
     <span class='ocr_line' id='line_1_62' title="bbox 947 2708 1648 2751; baseline 0 -11"><span class='ocrx_word' id='word_1_389' title='bbox 947 2709 1220 2750; x_wconf 72' lang='lat' dir='ltr'>praecedentibus</span> <span class='ocrx_word' id='word_1_390' title='bbox 1233 2709 1494 2740; x_wconf 80' lang='lat' dir='ltr'>versicoloribus</span> <span class='ocrx_word' id='word_1_391' title='bbox 1505 2708 1648 2751; x_wconf 72' lang='lat' dir='ltr'>implici-</span> 
     </span>
     <span class='ocr_line' id='line_1_63' title="bbox 949 2756 1647 2802; baseline 0.004 -12"><span class='ocrx_word' id='word_1_392' title='bbox 949 2765 1000 2791; x_wconf 83' lang='lat' dir='ltr'>tas</span> <span class='ocrx_word' id='word_1_393' title='bbox 1017 2759 1147 2800; x_wconf 78' lang='lat' dir='ltr'>pennis,</span> <span class='ocrx_word' id='word_1_394' title='bbox 1160 2756 1303 2790; x_wconf 83' lang='lat' dir='ltr'>adferas</span> <span class='ocrx_word' id='word_1_395' title='bbox 1321 2759 1498 2792; x_wconf 79' lang='lat' dir='ltr'>terrendas</span> <span class='ocrx_word' id='word_1_396' title='bbox 1511 2759 1647 2802; x_wconf 77' lang='lat' dir='ltr'>capien-</span> 
     </span>
    </p>
   </div>
  </div>
 </body>
</html>
