<?xml version="1.0" encoding="UTF-8"?>
<!DOCTYPE html PUBLIC "-//W3C//DTD XHTML 1.0 Transitional//EN"
    "http://www.w3.org/TR/xhtml1/DTD/xhtml1-transitional.dtd">
<html xmlns="http://www.w3.org/1999/xhtml" xml:lang="en" lang="en">
 <head>
  <title>
</title>
<meta http-equiv="Content-Type" content="text/html;charset=utf-8" />
  <meta name='ocr-system' content='tesseract 3.04.00' />
  <meta name='ocr-capabilities' content='ocr_page ocr_carea ocr_par ocr_line ocrx_word'/>
</head>
<body>
  <div class='ocr_page' id='page_1' title='image "./operaomniaexedit04oviduoft_0032.png"; bbox 0 0 1773 3121; ppageno 0'>
   <div class='ocr_carea' id='block_1_1' title="bbox 209 198 1175 240">
    <p class='ocr_par' dir='ltr' id='par_1_1' title="bbox 209 198 1175 240">
     <span class='ocr_line' id='line_1_1' title="bbox 209 198 1175 240; baseline -0.005 -1"><span class='ocrx_word' id='word_1_1' title='bbox 209 198 322 240; x_wconf 80' lang='lat'>1650</span> <span class='ocrx_word' id='word_1_2' title='bbox 702 205 741 236; x_wconf 83' lang='lat' dir='ltr'>P.</span> <span class='ocrx_word' id='word_1_3' title='bbox 773 204 930 235; x_wconf 83' lang='lat' dir='ltr'>ovmn</span> <span class='ocrx_word' id='word_1_4' title='bbox 962 203 1175 235; x_wconf 76' lang='lat' dir='ltr'>NAsoms</span> 
     </span>
    </p>
   </div>
   <div class='ocr_carea' id='block_1_2' title="bbox 189 300 1667 1288">
    <p class='ocr_par' dir='ltr' id='par_1_2' title="bbox 206 300 1398 349">
     <span class='ocr_line' id='line_1_2' title="bbox 206 300 1398 349; baseline -0.005 -3"><span class='ocrx_word' id='word_1_5' title='bbox 206 304 279 346; x_wconf 91' lang='lat' dir='ltr'>Ad</span> <span class='ocrx_word' id='word_1_6' title='bbox 300 303 519 345; x_wconf 88' lang='lat' dir='ltr'>dominam</span> <span class='ocrx_word' id='word_1_7' title='bbox 540 302 714 344; x_wconf 87' lang='lat' dir='ltr'>ducunt.</span> <span class='ocrx_word' id='word_1_8' title='bbox 762 301 947 342; x_wconf 85' lang='lat' dir='ltr'>Pulchro</span> <span class='ocrx_word' id='word_1_9' title='bbox 968 300 1089 342; x_wconf 86' lang='lat' dir='ltr'>sedet</span> <span class='ocrx_word' id='word_1_10' title='bbox 1108 301 1186 341; x_wconf 84' lang='lat' dir='ltr'>illa</span> <span class='ocrx_word' id='word_1_11' title='bbox 1206 312 1398 349; x_wconf 88' lang='lat' dir='ltr'>recessu,</span> 
     </span>
    </p>

    <p class='ocr_par' dir='ltr' id='par_1_3' title="bbox 210 368 1290 422">
     <span class='ocr_line' id='line_1_3' title="bbox 210 368 1290 422; baseline -0.004 -10"><span class='ocrx_word' id='word_1_12' title='bbox 210 372 421 412; x_wconf 88' lang='lat' dir='ltr'>Sublimis</span> <span class='ocrx_word' id='word_1_13' title='bbox 442 371 554 411; x_wconf 90' lang='lat' dir='ltr'>solio</span> <span class='ocrx_word' id='word_1_14' title='bbox 573 383 583 421; x_wconf 84' lang='lat'><em>3</em></span> <span class='ocrx_word' id='word_1_15' title='bbox 615 369 868 422; x_wconf 83' lang='lat' dir='ltr'>pallamque</span> <span class='ocrx_word' id='word_1_16' title='bbox 891 368 1045 408; x_wconf 85' lang='lat' dir='ltr'>induta</span> <span class='ocrx_word' id='word_1_17' title='bbox 1065 368 1290 417; x_wconf 85' lang='lat' dir='ltr'><strong>nitentem,</strong></span> 
     </span>
    </p>

    <p class='ocr_par' dir='ltr' id='par_1_4' title="bbox 210 436 1119 491">
     <span class='ocr_line' id='line_1_4' title="bbox 210 436 1119 491; baseline -0.004 -12"><span class='ocrx_word' id='word_1_18' title='bbox 210 438 392 491; x_wconf 84' lang='lat' dir='ltr'>Insuper</span> <span class='ocrx_word' id='word_1_19' title='bbox 413 443 565 479; x_wconf 81' lang='lat' dir='ltr'>aurato</span> <span class='ocrx_word' id='word_1_20' title='bbox 588 437 920 476; x_wconf 83' lang='lat' dir='ltr'>circumvelatur</span> <span class='ocrx_word' id='word_1_21' title='bbox 942 436 1119 476; x_wconf 82' lang='lat' dir='ltr'>amictu.</span> 
     </span>
    </p>

    <p class='ocr_par' dir='ltr' id='par_1_5' title="bbox 211 500 1379 557">
     <span class='ocr_line' id='line_1_5' title="bbox 211 500 1379 557; baseline -0.004 -11"><span class='ocrx_word' id='word_1_22' title='bbox 211 505 426 546; x_wconf 82' lang='lat' dir='ltr'>Nereides</span> <span class='ocrx_word' id='word_1_23' title='bbox 450 503 761 557; x_wconf 76' lang='lat' dir='ltr'>Nymphaeque</span> <span class='ocrx_word' id='word_1_24' title='bbox 780 503 922 551; x_wconf 84' lang='lat' dir='ltr'>simul,</span> <span class='ocrx_word' id='word_1_25' title='bbox 946 515 1047 554; x_wconf 86' lang='lat' dir='ltr'>quae</span> <span class='ocrx_word' id='word_1_26' title='bbox 1069 502 1231 542; x_wconf 86' lang='lat' dir='ltr'>vellera</span> <span class='ocrx_word' id='word_1_27' title='bbox 1248 500 1379 542; x_wconf 86' lang='lat' dir='ltr'>motis</span> 
     </span>
    </p>

    <p class='ocr_par' dir='ltr' id='par_1_6' title="bbox 209 565 1663 756">
     <span class='ocr_line' id='line_1_6' title="bbox 210 565 1663 622; baseline -0.004 -10"><span class='ocrx_word' id='word_1_28' title='bbox 210 571 349 612; x_wconf 84' lang='lat' dir='ltr'>Nulla</span> <span class='ocrx_word' id='word_1_29' title='bbox 370 570 540 611; x_wconf 82' lang='lat' dir='ltr'>trahunt</span> <span class='ocrx_word' id='word_1_30' title='bbox 561 570 724 622; x_wconf 85' lang='lat' dir='ltr'><strong>digitis,</strong></span> <span class='ocrx_word' id='word_1_31' title='bbox 745 582 825 609; x_wconf 90' lang='lat' dir='ltr'>nec</span> <span class='ocrx_word' id='word_1_32' title='bbox 846 568 920 609; x_wconf 80' lang='lat' dir='ltr'>fila</span> <span class='ocrx_word' id='word_1_33' title='bbox 941 569 1172 622; x_wconf 86' lang='lat' dir='ltr'>sequentia</span> <span class='ocrx_word' id='word_1_34' title='bbox 1191 568 1374 616; x_wconf 84' lang='lat' dir='ltr'>ducunt,</span> <span class='ocrx_word' id='word_1_35' title='bbox 1576 565 1663 607; x_wconf 77' lang='lat'>265</span> 
     </span>
     <span class='ocr_line' id='line_1_7' title="bbox 209 634 1437 690; baseline -0.004 -11"><span class='ocrx_word' id='word_1_36' title='bbox 209 637 423 679; x_wconf 80' lang='lat' dir='ltr'>Gramina</span> <span class='ocrx_word' id='word_1_37' title='bbox 444 637 708 690; x_wconf 79' lang='lat' dir='ltr'>disponunt3</span> <span class='ocrx_word' id='word_1_38' title='bbox 740 648 1006 689; x_wconf 80' lang='lat' dir='ltr'>sparsosque</span> <span class='ocrx_word' id='word_1_39' title='bbox 1027 636 1120 676; x_wconf 87' lang='lat' dir='ltr'>sine</span> <span class='ocrx_word' id='word_1_40' title='bbox 1140 634 1290 675; x_wconf 90' lang='lat' dir='ltr'>ordine</span> <span class='ocrx_word' id='word_1_41' title='bbox 1309 634 1437 674; x_wconf 88' lang='lat' dir='ltr'>flores</span> 
     </span>
     <span class='ocr_line' id='line_1_8' title="bbox 211 702 1361 756; baseline -0.003 -11"><span class='ocrx_word' id='word_1_42' title='bbox 211 705 452 746; x_wconf 88' lang='lat' dir='ltr'>Secernunt</span> <span class='ocrx_word' id='word_1_43' title='bbox 473 703 674 753; x_wconf 80' lang='lat' dir='ltr'><strong>calathis,</strong></span> <span class='ocrx_word' id='word_1_44' title='bbox 693 704 926 756; x_wconf 83' lang='lat' dir='ltr'>variasque</span> <span class='ocrx_word' id='word_1_45' title='bbox 949 703 1167 744; x_wconf 88' lang='lat' dir='ltr'>coloribus</span> <span class='ocrx_word' id='word_1_46' title='bbox 1187 702 1361 742; x_wconf 78' lang='lat' dir='ltr'><strong>herbas,</strong></span> 
     </span>
    </p>

    <p class='ocr_par' dir='ltr' id='par_1_7' title="bbox 189 768 1664 1020">
     <span class='ocr_line' id='line_1_9' title="bbox 210 768 1464 825; baseline -0.004 -12"><span class='ocrx_word' id='word_1_47' title='bbox 210 772 331 825; x_wconf 82' lang='lat' dir='ltr'>Ipsa,</span> <span class='ocrx_word' id='word_1_48' title='bbox 353 771 470 824; x_wconf 83' lang='lat' dir='ltr'>quod</span> <span class='ocrx_word' id='word_1_49' title='bbox 490 771 560 811; x_wconf 83' lang='lat' dir='ltr'>hae</span> <span class='ocrx_word' id='word_1_50' title='bbox 587 770 766 820; x_wconf 81' lang='lat' dir='ltr'>faciunt,</span> <span class='ocrx_word' id='word_1_51' title='bbox 787 783 900 825; x_wconf 92' lang='lat' dir='ltr'>opus</span> <span class='ocrx_word' id='word_1_52' title='bbox 923 770 1086 822; x_wconf 83' lang='lat' dir='ltr'>exigit:</span> <span class='ocrx_word' id='word_1_53' title='bbox 1116 771 1217 823; x_wconf 81' lang='lat' dir='ltr'>ipsa</span> <span class='ocrx_word' id='word_1_54' title='bbox 1237 768 1338 822; x_wconf 93' lang='lat' dir='ltr'>quis</span> <span class='ocrx_word' id='word_1_55' title='bbox 1358 779 1464 808; x_wconf 86' lang='lat' dir='ltr'>usus</span> 
     </span>
     <span class='ocr_line' id='line_1_10' title="bbox 211 836 1316 890; baseline -0.002 -12"><span class='ocrx_word' id='word_1_56' title='bbox 211 837 399 890; x_wconf 83' lang='lat' dir='ltr'>Quoque</span> <span class='ocrx_word' id='word_1_57' title='bbox 420 838 478 878; x_wconf 87' lang='lat' dir='ltr'>sit</span> <span class='ocrx_word' id='word_1_58' title='bbox 498 838 543 878; x_wconf 92' lang='lat' dir='ltr'>in</span> <span class='ocrx_word' id='word_1_59' title='bbox 564 837 689 887; x_wconf 82' lang='lat' dir='ltr'>folio,</span> <span class='ocrx_word' id='word_1_60' title='bbox 710 851 809 890; x_wconf 83' lang='lat' dir='ltr'>quae</span> <span class='ocrx_word' id='word_1_61' title='bbox 832 838 889 878; x_wconf 87' lang='lat' dir='ltr'>sit</span> <span class='ocrx_word' id='word_1_62' title='bbox 908 837 1144 878; x_wconf 85' lang='lat' dir='ltr'>concordia</span> <span class='ocrx_word' id='word_1_63' title='bbox 1164 836 1316 876; x_wconf 87' lang='lat' dir='ltr'>mixtis</span> 
     </span>
     <span class='ocr_line' id='line_1_11' title="bbox 189 899 1664 956; baseline -0.003 -12"><span class='ocrx_word' id='word_1_64' title='bbox 189 938 192 940; x_wconf 94' lang='lat'>.</span> <span class='ocrx_word' id='word_1_65' title='bbox 210 903 347 944; x_wconf 80' lang='lat' dir='ltr'>Novit</span> <span class='ocrx_word' id='word_1_66' title='bbox 365 918 374 944; x_wconf 74' lang='grc' dir='ltr'>ε</span> <span class='ocrx_word' id='word_1_67' title='bbox 404 908 448 943; x_wconf 88' lang='lat' dir='ltr'>et</span> <span class='ocrx_word' id='word_1_68' title='bbox 470 904 700 943; x_wconf 82' lang='lat' dir='ltr'>advertens</span> <span class='ocrx_word' id='word_1_69' title='bbox 722 916 882 956; x_wconf 87' lang='lat' dir='ltr'>pensas</span> <span class='ocrx_word' id='word_1_70' title='bbox 903 904 1121 944; x_wconf 81' lang='lat' dir='ltr'>examinat</span> <span class='ocrx_word' id='word_1_71' title='bbox 1140 903 1312 943; x_wconf 83' lang='lat' dir='ltr'>herbas.</span> <span class='ocrx_word' id='word_1_72' title='bbox 1579 899 1664 940; x_wconf 78' lang='lat'>270</span> 
     </span>
     <span class='ocr_line' id='line_1_12' title="bbox 210 968 1266 1020; baseline -0.001 -10"><span class='ocrx_word' id='word_1_73' title='bbox 210 969 327 1010; x_wconf 84' lang='lat' dir='ltr'>Haec</span> <span class='ocrx_word' id='word_1_74' title='bbox 350 970 419 1009; x_wconf 90' lang='lat' dir='ltr'>ubi</span> <span class='ocrx_word' id='word_1_75' title='bbox 442 981 520 1009; x_wconf 89' lang='lat' dir='ltr'>nos</span> <span class='ocrx_word' id='word_1_76' title='bbox 542 969 669 1018; x_wconf 87' lang='lat' dir='ltr'>vidit,</span> <span class='ocrx_word' id='word_1_77' title='bbox 692 968 810 1008; x_wconf 83' lang='lat' dir='ltr'>dicta</span> <span class='ocrx_word' id='word_1_78' title='bbox 833 972 1105 1020; x_wconf 80' lang='lat' dir='ltr'>acceptaque</span> <span class='ocrx_word' id='word_1_79' title='bbox 1127 969 1266 1009; x_wconf 84' lang='lat' dir='ltr'>salute</span> 
     </span>
    </p>

    <p class='ocr_par' dir='ltr' id='par_1_8' title="bbox 210 1035 1182 1085">
     <span class='ocr_line' id='line_1_13' title="bbox 210 1035 1182 1085; baseline -0.002 -9"><span class='ocrx_word' id='word_1_80' title='bbox 210 1035 400 1076; x_wconf 79' lang='lat' dir='ltr'>Diffudit</span> <span class='ocrx_word' id='word_1_81' title='bbox 421 1036 584 1085; x_wconf 88' lang='lat' dir='ltr'>vultus,</span> <span class='ocrx_word' id='word_1_82' title='bbox 607 1039 651 1076; x_wconf 84' lang='lat' dir='ltr'>et</span> <span class='ocrx_word' id='word_1_83' title='bbox 670 1035 866 1075; x_wconf 85' lang='lat' dir='ltr'>reddidit</span> <span class='ocrx_word' id='word_1_84' title='bbox 886 1035 1033 1075; x_wconf 80' lang='lat' dir='ltr'>omnia</span> <span class='ocrx_word' id='word_1_85' title='bbox 1053 1035 1182 1075; x_wconf 87' lang='lat' dir='ltr'>votis.</span> 
     </span>
    </p>

    <p class='ocr_par' dir='ltr' id='par_1_9' title="bbox 211 1101 1258 1155">
     <span class='ocr_line' id='line_1_14' title="bbox 211 1101 1258 1155; baseline -0.003 -12"><span class='ocrx_word' id='word_1_86' title='bbox 211 1102 309 1143; x_wconf 87' lang='lat' dir='ltr'>Nec</span> <span class='ocrx_word' id='word_1_87' title='bbox 325 1115 460 1152; x_wconf 82' lang='lat' dir='ltr'>mora,</span> <span class='ocrx_word' id='word_1_88' title='bbox 481 1101 652 1142; x_wconf 85' lang='lat' dir='ltr'>misceri</span> <span class='ocrx_word' id='word_1_89' title='bbox 674 1101 778 1142; x_wconf 88' lang='lat' dir='ltr'>tosti</span> <span class='ocrx_word' id='word_1_90' title='bbox 789 1102 917 1155; x_wconf 89' lang='lat' dir='ltr'>jubet</span> <span class='ocrx_word' id='word_1_91' title='bbox 935 1101 1102 1141; x_wconf 84' lang='lat' dir='ltr'>hordea</span> <span class='ocrx_word' id='word_1_92' title='bbox 1122 1101 1258 1152; x_wconf 82' lang='lat' dir='ltr'>grani,</span> 
     </span>
    </p>

    <p class='ocr_par' dir='ltr' id='par_1_10' title="bbox 212 1166 1667 1288">
     <span class='ocr_line' id='line_1_15' title="bbox 213 1166 1495 1223; baseline -0.002 -14"><span class='ocrx_word' id='word_1_93' title='bbox 213 1169 452 1223; x_wconf 82' lang='lat' dir='ltr'>MeIlaque,</span> <span class='ocrx_word' id='word_1_94' title='bbox 473 1169 650 1221; x_wconf 88' lang='lat' dir='ltr'>vimque</span> <span class='ocrx_word' id='word_1_95' title='bbox 672 1168 792 1216; x_wconf 89' lang='lat' dir='ltr'>meri,</span> <span class='ocrx_word' id='word_1_96' title='bbox 824 1172 867 1208; x_wconf 88' lang='lat' dir='ltr'>et</span> <span class='ocrx_word' id='word_1_97' title='bbox 887 1181 985 1208; x_wconf 92' lang='lat' dir='ltr'>cum</span> <span class='ocrx_word' id='word_1_98' title='bbox 1006 1168 1119 1208; x_wconf 85' lang='lat' dir='ltr'>lacte</span> <span class='ocrx_word' id='word_1_99' title='bbox 1140 1166 1326 1219; x_wconf 79' lang='lat' dir='ltr'>coagula</span> <span class='ocrx_word' id='word_1_100' title='bbox 1344 1178 1495 1219; x_wconf 84' lang='lat' dir='ltr'>passo.</span> 
     </span>
     <span class='ocr_line' id='line_1_16' title="bbox 212 1232 1667 1288; baseline 0.001 -14"><span class='ocrx_word' id='word_1_101' title='bbox 212 1234 391 1288; x_wconf 82' lang='lat' dir='ltr'>Quique</span> <span class='ocrx_word' id='word_1_102' title='bbox 414 1236 494 1277; x_wconf 89' lang='lat' dir='ltr'>sub</span> <span class='ocrx_word' id='word_1_103' title='bbox 515 1236 597 1275; x_wconf 81' lang='lat' dir='ltr'>hac</span> <span class='ocrx_word' id='word_1_104' title='bbox 618 1234 780 1275; x_wconf 81' lang='lat' dir='ltr'>lateant</span> <span class='ocrx_word' id='word_1_105' title='bbox 801 1233 943 1275; x_wconf 85' lang='lat' dir='ltr'>furtim</span> <span class='ocrx_word' id='word_1_106' title='bbox 965 1234 1210 1283; x_wconf 90' lang='lat' dir='ltr'>dulcedine,</span> <span class='ocrx_word' id='word_1_107' title='bbox 1231 1245 1390 1274; x_wconf 90' lang='lat' dir='ltr'>succos</span> <span class='ocrx_word' id='word_1_108' title='bbox 1580 1232 1667 1275; x_wconf 77' lang='lat'>275</span> 
     </span>
    </p>
   </div>
   <div class='ocr_carea' id='block_1_3' title="bbox 211 1300 1355 1355">
    <p class='ocr_par' dir='ltr' id='par_1_11' title="bbox 211 1300 1355 1355">
     <span class='ocr_line' id='line_1_17' title="bbox 211 1300 1355 1355; baseline -0.002 -13"><span class='ocrx_word' id='word_1_109' title='bbox 211 1301 395 1355; x_wconf 86' lang='lat' dir='ltr'>Adjicit.</span> <span class='ocrx_word' id='word_1_110' title='bbox 459 1301 717 1355; x_wconf 88' lang='lat' dir='ltr'>Accipimus</span> <span class='ocrx_word' id='word_1_111' title='bbox 739 1314 865 1342; x_wconf 82' lang='lat' dir='ltr'>sacra</span> <span class='ocrx_word' id='word_1_112' title='bbox 887 1301 989 1343; x_wconf 83' lang='lat' dir='ltr'>data</span> <span class='ocrx_word' id='word_1_113' title='bbox 1009 1300 1169 1355; x_wconf 85' lang='lat' dir='ltr'>pocula</span> <span class='ocrx_word' id='word_1_114' title='bbox 1188 1300 1355 1341; x_wconf 84' lang='lat' dir='ltr'>dextra.</span> 
     </span>
    </p>
   </div>
   <div class='ocr_carea' id='block_1_4' title="bbox 204 1420 1668 1841">
    <p class='ocr_par' dir='ltr' id='par_1_12' title="bbox 204 1420 1668 1841">
     <span class='ocr_line' id='line_1_18' title="bbox 207 1420 1667 1461; baseline 0 -11"><span class='ocrx_word' id='word_1_115' title='bbox 207 1421 323 1451; x_wconf 77' lang='lat' dir='ltr'>ducunt</span> <span class='ocrx_word' id='word_1_116' title='bbox 336 1422 376 1452; x_wconf 85' lang='lat' dir='ltr'>ad</span> <span class='ocrx_word' id='word_1_117' title='bbox 390 1422 542 1452; x_wconf 72' lang='lat' dir='ltr'>dominam</span> <span class='ocrx_word' id='word_1_118' title='bbox 556 1432 611 1461; x_wconf 85' lang='lat' dir='ltr'>per</span> <span class='ocrx_word' id='word_1_119' title='bbox 626 1422 712 1452; x_wconf 81' lang='lat' dir='ltr'>aulas</span> <span class='ocrx_word' id='word_1_120' title='bbox 727 1432 877 1453; x_wconf 85' lang='lat' dir='ltr'>marmore</span> <span class='ocrx_word' id='word_1_121' title='bbox 892 1422 1046 1453; x_wconf 82' lang='lat' dir='ltr'>obductas.</span> <span class='ocrx_word' id='word_1_122' title='bbox 1075 1422 1137 1453; x_wconf 84' lang='lat' dir='ltr'>Illa</span> <span class='ocrx_word' id='word_1_123' title='bbox 1159 1422 1243 1452; x_wconf 75' lang='lat' dir='ltr'>sedet</span> <span class='ocrx_word' id='word_1_124' title='bbox 1258 1420 1291 1450; x_wconf 85' lang='lat' dir='ltr'>in</span> <span class='ocrx_word' id='word_1_125' title='bbox 1303 1420 1430 1460; x_wconf 81' lang='lat' dir='ltr'>pulchro</span> <span class='ocrx_word' id='word_1_126' title='bbox 1444 1428 1560 1451; x_wconf 84' lang='lat' dir='ltr'>secessu</span> <span class='ocrx_word' id='word_1_127' title='bbox 1575 1428 1667 1459; x_wconf 81' lang='lat' dir='ltr'>super</span> 
     </span>
     <span class='ocr_line' id='line_1_19' title="bbox 210 1462 1668 1505; baseline -0.001 -13"><span class='ocrx_word' id='word_1_128' title='bbox 210 1463 285 1493; x_wconf 84' lang='lat' dir='ltr'>solio</span> <span class='ocrx_word' id='word_1_129' title='bbox 301 1464 458 1503; x_wconf 79' lang='lat' dir='ltr'>conspicuo</span> <span class='ocrx_word' id='word_1_130' title='bbox 468 1474 480 1500; x_wconf 86' lang='lat'><em>;</em></span> <span class='ocrx_word' id='word_1_131' title='bbox 503 1468 533 1495; x_wconf 85' lang='lat' dir='ltr'>et</span> <span class='ocrx_word' id='word_1_132' title='bbox 550 1467 630 1495; x_wconf 80' lang='lat' dir='ltr'>tecta</span> <span class='ocrx_word' id='word_1_133' title='bbox 642 1466 726 1504; x_wconf 81' lang='lat' dir='ltr'>palla</span> <span class='ocrx_word' id='word_1_134' title='bbox 740 1465 923 1505; x_wconf 80' lang='lat' dir='ltr'>splendenti,</span> <span class='ocrx_word' id='word_1_135' title='bbox 944 1465 1178 1496; x_wconf 73' lang='lat' dir='ltr'>circumvelatur</span> <span class='ocrx_word' id='word_1_136' title='bbox 1200 1464 1323 1502; x_wconf 85' lang='lat' dir='ltr'>insuper</span> <span class='ocrx_word' id='word_1_137' title='bbox 1338 1466 1420 1493; x_wconf 82' lang='lat' dir='ltr'>veste</span> <span class='ocrx_word' id='word_1_138' title='bbox 1435 1464 1556 1492; x_wconf 81' lang='lat' dir='ltr'>aurata.</span> <span class='ocrx_word' id='word_1_139' title='bbox 1601 1462 1668 1492; x_wconf 89' lang='lat' dir='ltr'>Ne-</span> 
     </span>
     <span class='ocr_line' id='line_1_20' title="bbox 209 1504 1666 1546; baseline 0.001 -14"><span class='ocrx_word' id='word_1_140' title='bbox 209 1505 307 1535; x_wconf 81' lang='lat' dir='ltr'>reides</span> <span class='ocrx_word' id='word_1_141' title='bbox 331 1506 431 1536; x_wconf 83' lang='lat' dir='ltr'>mistoe</span> <span class='ocrx_word' id='word_1_142' title='bbox 454 1507 574 1546; x_wconf 74' lang='lat' dir='ltr'>puellis,</span> <span class='ocrx_word' id='word_1_143' title='bbox 599 1517 664 1546; x_wconf 78' lang='lat' dir='ltr'>quse</span> <span class='ocrx_word' id='word_1_144' title='bbox 689 1508 788 1537; x_wconf 83' lang='lat' dir='ltr'>nullas</span> <span class='ocrx_word' id='word_1_145' title='bbox 803 1508 932 1538; x_wconf 83' lang='lat' dir='ltr'>trahunt</span> <span class='ocrx_word' id='word_1_146' title='bbox 956 1509 1042 1538; x_wconf 83' lang='lat' dir='ltr'>lanas</span> <span class='ocrx_word' id='word_1_147' title='bbox 1066 1506 1198 1545; x_wconf 82' lang='lat' dir='ltr'>agitatis</span> <span class='ocrx_word' id='word_1_148' title='bbox 1219 1505 1345 1544; x_wconf 80' lang='lat' dir='ltr'>digitis,</span> <span class='ocrx_word' id='word_1_149' title='bbox 1361 1513 1455 1544; x_wconf 79' lang='lat' dir='ltr'>neque</span> <span class='ocrx_word' id='word_1_150' title='bbox 1470 1505 1586 1534; x_wconf 80' lang='lat' dir='ltr'>ducunt</span> <span class='ocrx_word' id='word_1_151' title='bbox 1601 1504 1666 1544; x_wconf 76' lang='lat' dir='ltr'>fila</span> 
     </span>
     <span class='ocr_line' id='line_1_21' title="bbox 208 1545 1666 1589; baseline 0 -13"><span class='ocrx_word' id='word_1_152' title='bbox 208 1548 362 1586; x_wconf 74' lang='lat' dir='ltr'>sequacia,</span> <span class='ocrx_word' id='word_1_153' title='bbox 375 1548 482 1578; x_wconf 79' lang='lat' dir='ltr'>herbas</span> <span class='ocrx_word' id='word_1_154' title='bbox 493 1549 523 1578; x_wconf 87' lang='lat' dir='ltr'>in</span> <span class='ocrx_word' id='word_1_155' title='bbox 538 1549 674 1579; x_wconf 82' lang='lat' dir='ltr'>ordinem</span> <span class='ocrx_word' id='word_1_156' title='bbox 687 1552 817 1588; x_wconf 86' lang='lat' dir='ltr'>ponunt,</span> <span class='ocrx_word' id='word_1_157' title='bbox 832 1554 923 1589; x_wconf 77' lang='lat' dir='ltr'>atque</span> <span class='ocrx_word' id='word_1_158' title='bbox 936 1550 1079 1580; x_wconf 84' lang='lat' dir='ltr'>dividunt</span> <span class='ocrx_word' id='word_1_159' title='bbox 1091 1549 1123 1579; x_wconf 86' lang='lat' dir='ltr'>in</span> <span class='ocrx_word' id='word_1_160' title='bbox 1136 1548 1281 1588; x_wconf 82' lang='lat' dir='ltr'>quasillos</span> <span class='ocrx_word' id='word_1_161' title='bbox 1289 1546 1389 1587; x_wconf 79' lang='lat' dir='ltr'>flores</span> <span class='ocrx_word' id='word_1_162' title='bbox 1403 1545 1525 1584; x_wconf 64' lang='lat' dir='ltr'>confuse</span> <span class='ocrx_word' id='word_1_163' title='bbox 1537 1546 1666 1586; x_wconf 81' lang='lat' dir='ltr'>positos,</span> 
     </span>
     <span class='ocr_line' id='line_1_22' title="bbox 210 1587 1667 1631; baseline -0.001 -13"><span class='ocrx_word' id='word_1_164' title='bbox 210 1592 300 1628; x_wconf 82' lang='lat' dir='ltr'>utque</span> <span class='ocrx_word' id='word_1_165' title='bbox 312 1591 460 1628; x_wconf 80' lang='lat' dir='ltr'>gramina</span> <span class='ocrx_word' id='word_1_166' title='bbox 475 1590 623 1620; x_wconf 82' lang='lat' dir='ltr'>distincta</span> <span class='ocrx_word' id='word_1_167' title='bbox 648 1591 808 1622; x_wconf 80' lang='lat' dir='ltr'>coloribus.</span> <span class='ocrx_word' id='word_1_168' title='bbox 853 1592 928 1631; x_wconf 82' lang='lat' dir='ltr'>Ipsa</span> <span class='ocrx_word' id='word_1_169' title='bbox 944 1592 1062 1622; x_wconf 75' lang='lat' dir='ltr'>excutit</span> <span class='ocrx_word' id='word_1_170' title='bbox 1078 1600 1152 1630; x_wconf 83' lang='lat' dir='ltr'>opus</span> <span class='ocrx_word' id='word_1_171' title='bbox 1163 1591 1242 1630; x_wconf 80' lang='lat' dir='ltr'>quod</span> <span class='ocrx_word' id='word_1_172' title='bbox 1265 1589 1312 1619; x_wconf 82' lang='lat' dir='ltr'>hae</span> <span class='ocrx_word' id='word_1_173' title='bbox 1320 1589 1467 1627; x_wconf 83' lang='lat' dir='ltr'>faciunt:</span> <span class='ocrx_word' id='word_1_174' title='bbox 1490 1588 1556 1626; x_wconf 75' lang='lat' dir='ltr'>ipsa</span> <span class='ocrx_word' id='word_1_175' title='bbox 1571 1587 1667 1618; x_wconf 75' lang='lat' dir='ltr'>etiam</span> 
     </span>
     <span class='ocr_line' id='line_1_23' title="bbox 209 1629 1664 1671; baseline 0.001 -12"><span class='ocrx_word' id='word_1_176' title='bbox 209 1632 268 1662; x_wconf 78' lang='lat' dir='ltr'>scit</span> <span class='ocrx_word' id='word_1_177' title='bbox 285 1642 352 1671; x_wconf 83' lang='lat' dir='ltr'>quae</span> <span class='ocrx_word' id='word_1_178' title='bbox 367 1631 407 1662; x_wconf 86' lang='lat' dir='ltr'>sit</span> <span class='ocrx_word' id='word_1_179' title='bbox 423 1631 525 1661; x_wconf 78' lang='lat' dir='ltr'>virtus</span> <span class='ocrx_word' id='word_1_180' title='bbox 539 1631 681 1671; x_wconf 80' lang='lat' dir='ltr'>cujusque</span> <span class='ocrx_word' id='word_1_181' title='bbox 697 1632 811 1670; x_wconf 74' lang='lat' dir='ltr'>herine,</span> <span class='ocrx_word' id='word_1_182' title='bbox 827 1643 893 1671; x_wconf 85' lang='lat' dir='ltr'>quae</span> <span class='ocrx_word' id='word_1_183' title='bbox 909 1634 950 1663; x_wconf 81' lang='lat' dir='ltr'>sit</span> <span class='ocrx_word' id='word_1_184' title='bbox 964 1634 1011 1663; x_wconf 77' lang='lat' dir='ltr'>vis</span> <span class='ocrx_word' id='word_1_185' title='bbox 1026 1633 1256 1670; x_wconf 73' lang='lat' dir='ltr'>conjunctarum</span> <span class='ocrx_word' id='word_1_186' title='bbox 1270 1641 1282 1666; x_wconf 91' lang='lat'>‚·</span> <span class='ocrx_word' id='word_1_187' title='bbox 1313 1634 1404 1669; x_wconf 69' lang='lat' dir='ltr'>atque·</span> <span class='ocrx_word' id='word_1_188' title='bbox 1417 1630 1523 1660; x_wconf 81' lang='lat' dir='ltr'>sedula</span> <span class='ocrx_word' id='word_1_189' title='bbox 1535 1629 1664 1661; x_wconf 78' lang='lat' dir='ltr'>discutit</span> 
     </span>
     <span class='ocr_line' id='line_1_24' title="bbox 204 1671 1665 1713; baseline -0.001 -10"><span class='ocrx_word' id='word_1_190' title='bbox 204 1675 351 1712; x_wconf 80' lang='lat' dir='ltr'>gramina</span> <span class='ocrx_word' id='word_1_191' title='bbox 375 1683 517 1713; x_wconf 74' lang='lat' dir='ltr'>expensa.</span> <span class='ocrx_word' id='word_1_192' title='bbox 566 1674 731 1713; x_wconf 84' lang='lat' dir='ltr'>Postquam</span> <span class='ocrx_word' id='word_1_193' title='bbox 746 1673 800 1703; x_wconf 80' lang='lat' dir='ltr'>illa</span> <span class='ocrx_word' id='word_1_194' title='bbox 814 1682 866 1704; x_wconf 85' lang='lat' dir='ltr'>nos</span> <span class='ocrx_word' id='word_1_195' title='bbox 880 1673 1015 1704; x_wconf 72' lang='lat' dir='ltr'>intuitus</span> <span class='ocrx_word' id='word_1_196' title='bbox 1030 1676 1087 1712; x_wconf 87' lang='lat' dir='ltr'>est,</span> <span class='ocrx_word' id='word_1_197' title='bbox 1103 1674 1203 1703; x_wconf 84' lang='lat' dir='ltr'>salute</span> <span class='ocrx_word' id='word_1_198' title='bbox 1218 1671 1319 1702; x_wconf 82' lang='lat' dir='ltr'>oblata</span> <span class='ocrx_word' id='word_1_199' title='bbox 1334 1675 1425 1711; x_wconf 77' lang='lat' dir='ltr'>atque</span> <span class='ocrx_word' id='word_1_200' title='bbox 1438 1672 1562 1702; x_wconf 79' lang='lat' dir='ltr'>reddita</span> <span class='ocrx_word' id='word_1_201' title='bbox 1577 1671 1665 1704; x_wconf 83' lang='lat' dir='ltr'>exhi-</span> 
     </span>
     <span class='ocr_line' id='line_1_25' title="bbox 209 1714 1666 1755; baseline 0 -10"><span class='ocrx_word' id='word_1_202' title='bbox 209 1715 324 1746; x_wconf 80' lang='lat' dir='ltr'>laravit</span> <span class='ocrx_word' id='word_1_203' title='bbox 341 1714 471 1753; x_wconf 85' lang='lat' dir='ltr'>faciem,</span> <span class='ocrx_word' id='word_1_204' title='bbox 496 1718 525 1745; x_wconf 86' lang='lat' dir='ltr'>et</span> <span class='ocrx_word' id='word_1_205' title='bbox 541 1717 700 1755; x_wconf 77' lang='lat' dir='ltr'>respondet</span> <span class='ocrx_word' id='word_1_206' title='bbox 717 1715 818 1746; x_wconf 81' lang='lat' dir='ltr'>omnia</span> <span class='ocrx_word' id='word_1_207' title='bbox 842 1725 899 1755; x_wconf 83' lang='lat' dir='ltr'>pro</span> <span class='ocrx_word' id='word_1_208' title='bbox 915 1719 993 1746; x_wconf 75' lang='lat' dir='ltr'>voto.</span> <span class='ocrx_word' id='word_1_209' title='bbox 1041 1718 1142 1755; x_wconf 79' lang='lat' dir='ltr'>Atque</span> <span class='ocrx_word' id='word_1_210' title='bbox 1167 1715 1277 1745; x_wconf 82' lang='lat' dir='ltr'>omissa</span> <span class='ocrx_word' id='word_1_211' title='bbox 1303 1714 1508 1752; x_wconf 79' lang='lat' dir='ltr'>cunctatione,</span> <span class='ocrx_word' id='word_1_212' title='bbox 1531 1714 1666 1754; x_wconf 82' lang='lat' dir='ltr'>imperat</span> 
     </span>
     <span class='ocr_line' id='line_1_26' title="bbox 207 1757 1664 1798; baseline -0.001 -10"><span class='ocrx_word' id='word_1_213' title='bbox 207 1758 322 1788; x_wconf 76' lang='lat' dir='ltr'>hordea</span> <span class='ocrx_word' id='word_1_214' title='bbox 336 1760 429 1794; x_wconf 80' lang='lat' dir='ltr'>tosta,</span> <span class='ocrx_word' id='word_1_215' title='bbox 442 1760 471 1788; x_wconf 84' lang='lat' dir='ltr'>et</span> <span class='ocrx_word' id='word_1_216' title='bbox 488 1758 590 1796; x_wconf 84' lang='lat' dir='ltr'>mella,</span> <span class='ocrx_word' id='word_1_217' title='bbox 605 1761 633 1788; x_wconf 88' lang='lat' dir='ltr'>et</span> <span class='ocrx_word' id='word_1_218' title='bbox 647 1757 764 1797; x_wconf 80' lang='lat' dir='ltr'>copiam</span> <span class='ocrx_word' id='word_1_219' title='bbox 778 1758 855 1797; x_wconf 85' lang='lat' dir='ltr'>vini,</span> <span class='ocrx_word' id='word_1_220' title='bbox 869 1767 937 1788; x_wconf 87' lang='lat' dir='ltr'>cum</span> <span class='ocrx_word' id='word_1_221' title='bbox 951 1760 1030 1789; x_wconf 85' lang='lat' dir='ltr'>lacte</span> <span class='ocrx_word' id='word_1_222' title='bbox 1038 1767 1129 1798; x_wconf 82' lang='lat' dir='ltr'>passo</span> <span class='ocrx_word' id='word_1_223' title='bbox 1140 1757 1299 1793; x_wconf 59' lang='lat' dir='ltr'>coagulum</span> <span class='ocrx_word' id='word_1_224' title='bbox 1310 1767 1320 1787; x_wconf 78' lang='lat'>.-</span> <span class='ocrx_word' id='word_1_225' title='bbox 1343 1759 1373 1786; x_wconf 91' lang='lat' dir='ltr'>et</span> <span class='ocrx_word' id='word_1_226' title='bbox 1388 1757 1534 1787; x_wconf 81' lang='lat' dir='ltr'>admiscet</span> <span class='ocrx_word' id='word_1_227' title='bbox 1549 1766 1664 1796; x_wconf 84' lang='lat' dir='ltr'>succos,</span> 
     </span>
     <span class='ocr_line' id='line_1_27' title="bbox 211 1799 1665 1841; baseline 0 -11"><span class='ocrx_word' id='word_1_228' title='bbox 211 1801 264 1841; x_wconf 80' lang='lat' dir='ltr'>qni</span> <span class='ocrx_word' id='word_1_229' title='bbox 278 1801 356 1830; x_wconf 87' lang='lat' dir='ltr'>clam</span> <span class='ocrx_word' id='word_1_230' title='bbox 381 1800 444 1830; x_wconf 80' lang='lat' dir='ltr'>sint</span> <span class='ocrx_word' id='word_1_231' title='bbox 472 1799 526 1830; x_wconf 83' lang='lat' dir='ltr'>sub</span> <span class='ocrx_word' id='word_1_232' title='bbox 551 1800 607 1831; x_wconf 79' lang='lat' dir='ltr'>hac</span> <span class='ocrx_word' id='word_1_233' title='bbox 633 1799 802 1831; x_wconf 80' lang='lat' dir='ltr'>dulcedine.</span> <span class='ocrx_word' id='word_1_234' title='bbox 848 1800 1007 1830; x_wconf 83' lang='lat' dir='ltr'>Sumimus</span> <span class='ocrx_word' id='word_1_235' title='bbox 1027 1800 1136 1838; x_wconf 83' lang='lat' dir='ltr'>pocula</span> <span class='ocrx_word' id='word_1_236' title='bbox 1159 1799 1300 1829; x_wconf 72' lang='lat' dir='ltr'>exhibita</span> <span class='ocrx_word' id='word_1_237' title='bbox 1322 1808 1412 1829; x_wconf 82' lang='lat' dir='ltr'>sacra</span> <span class='ocrx_word' id='word_1_238' title='bbox 1437 1808 1540 1829; x_wconf 82' lang='lat' dir='ltr'>manu.</span> <span class='ocrx_word' id='word_1_239' title='bbox 1585 1799 1665 1835; x_wconf 82' lang='lat' dir='ltr'>Quae</span> 
     </span>
    </p>
   </div>
   <div class='ocr_carea' id='block_1_5' title="bbox 819 1880 1052 1892">
    <p class='ocr_par' dir='ltr' id='par_1_13' title="bbox 819 1880 1052 1892">
     <span class='ocr_line' id='line_1_28' title="bbox 819 1880 1052 1892; baseline 0.004 -1"><span class='ocrx_word' id='word_1_240' title='bbox 819 1880 1052 1892; x_wconf 65' lang='lat' dir='ltr'>eeeeeeeeeeee</span> 
     </span>
    </p>
   </div>
   <div class='ocr_carea' id='block_1_6' title="bbox 205 1931 1699 2440">
    <p class='ocr_par' dir='ltr' id='par_1_14' title="bbox 205 1931 1699 2440">
     <span class='ocr_line' id='line_1_29' title="bbox 210 1931 1664 1974; baseline 0.001 -10"><span class='ocrx_word' id='word_1_241' title='bbox 210 1934 315 1973; x_wconf 86' lang='lat' dir='ltr'>Vulg.</span> <span class='ocrx_word' id='word_1_242' title='bbox 331 1933 456 1964; x_wconf 79' lang='lat' dir='ltr'>sublimi</span> <span class='ocrx_word' id='word_1_243' title='bbox 471 1934 527 1963; x_wconf 77' lang='lat' dir='ltr'>sol.</span> <span class='ocrx_word' id='word_1_244' title='bbox 557 1932 667 1969; x_wconf 89' lang='lat' dir='ltr'>multi,</span> <span class='ocrx_word' id='word_1_245' title='bbox 689 1931 814 1962; x_wconf 82' lang='lat' dir='ltr'>solenni.</span> <span class='ocrx_word' id='word_1_246' title='bbox 859 1932 950 1962; x_wconf 86' lang='lat' dir='ltr'>Hinc</span> <span class='ocrx_word' id='word_1_247' title='bbox 970 1931 1088 1964; x_wconf 83' lang='lat' dir='ltr'>Heius.</span> <span class='ocrx_word' id='word_1_248' title='bbox 1102 1934 1219 1964; x_wconf 83' lang='lat' dir='ltr'>solenni</span> <span class='ocrx_word' id='word_1_249' title='bbox 1235 1933 1266 1964; x_wconf 83' lang='lat' dir='ltr'>in</span> <span class='ocrx_word' id='word_1_250' title='bbox 1281 1934 1368 1972; x_wconf 81' lang='lat' dir='ltr'>solio,</span> <span class='ocrx_word' id='word_1_251' title='bbox 1385 1933 1664 1974; x_wconf 75' lang='lat' dir='ltr'>quemadmodum</span> 
     </span>
     <span class='ocr_line' id='line_1_30' title="bbox 209 1974 1665 2017; baseline 0.001 -11"><span class='ocrx_word' id='word_1_252' title='bbox 209 1977 219 1993; x_wconf 92' lang='lat'>‘</span> <span class='ocrx_word' id='word_1_253' title='bbox 233 1976 386 2006; x_wconf 87' lang='lat' dir='ltr'>solennes</span> <span class='ocrx_word' id='word_1_254' title='bbox 403 1974 494 2012; x_wconf 85' lang='lat' dir='ltr'>arae,&#39;</span> <span class='ocrx_word' id='word_1_255' title='bbox 506 1977 567 2005; x_wconf 56' lang='lat' dir='ltr'>&amp;a</span> <span class='ocrx_word' id='word_1_256' title='bbox 583 1975 713 2014; x_wconf 78' lang='lat' dir='ltr'>passim.</span> <span class='ocrx_word' id='word_1_257' title='bbox 738 1974 803 2004; x_wconf 84' lang='lat' dir='ltr'>Sed</span> <span class='ocrx_word' id='word_1_258' title='bbox 815 1974 931 2004; x_wconf 84' lang='lat' dir='ltr'>Burm.</span> <span class='ocrx_word' id='word_1_259' title='bbox 946 1983 1013 2004; x_wconf 90' lang='lat' dir='ltr'>non</span> <span class='ocrx_word' id='word_1_260' title='bbox 1029 1975 1268 2014; x_wconf 81' lang='lat' dir='ltr'>placetsolenne</span> <span class='ocrx_word' id='word_1_261' title='bbox 1284 1976 1365 2006; x_wconf 87' lang='lat' dir='ltr'>illud</span> <span class='ocrx_word' id='word_1_262' title='bbox 1375 1976 1482 2006; x_wconf 80' lang='lat' dir='ltr'>solium</span> <span class='ocrx_word' id='word_1_263' title='bbox 1494 1987 1507 2013; x_wconf 91' lang='lat'>‚·</span> <span class='ocrx_word' id='word_1_264' title='bbox 1530 1977 1665 2017; x_wconf 83' lang='lat' dir='ltr'>recepit</span> 
     </span>
     <span class='ocr_line' id='line_1_31' title="bbox 207 2015 1663 2058; baseline 0.001 -10"><span class='ocrx_word' id='word_1_265' title='bbox 207 2026 290 2058; x_wconf 84' lang='lat' dir='ltr'>ergo</span> <span class='ocrx_word' id='word_1_266' title='bbox 307 2026 326 2047; x_wconf 86' lang='lat' dir='ltr'>e</span> <span class='ocrx_word' id='word_1_267' title='bbox 343 2017 488 2058; x_wconf 89' lang='lat' dir='ltr'>quinque</span> <span class='ocrx_word' id='word_1_268' title='bbox 510 2017 593 2047; x_wconf 85' lang='lat' dir='ltr'>Mss.</span> <span class='ocrx_word' id='word_1_269' title='bbox 612 2016 762 2055; x_wconf 80' lang='lat' dir='ltr'>sublimis,</span> <span class='ocrx_word' id='word_1_270' title='bbox 785 2026 827 2047; x_wconf 90' lang='lat' dir='ltr'>ne</span> <span class='ocrx_word' id='word_1_271' title='bbox 847 2020 899 2046; x_wconf 89' lang='lat' dir='ltr'>tot</span> <span class='ocrx_word' id='word_1_272' title='bbox 916 2015 1066 2047; x_wconf 81' lang='lat' dir='ltr'>Ablativi</span> <span class='ocrx_word' id='word_1_273' title='bbox 1084 2018 1308 2049; x_wconf 83' lang='lat' dir='ltr'>cumulentur.</span> <span class='ocrx_word' id='word_1_274' title='bbox 1343 2018 1474 2058; x_wconf 87' lang='lat' dir='ltr'>Copula</span> <span class='ocrx_word' id='word_1_275' title='bbox 1488 2028 1545 2058; x_wconf 81' lang='lat' dir='ltr'>que</span> <span class='ocrx_word' id='word_1_276' title='bbox 1560 2019 1663 2050; x_wconf 83' lang='lat' dir='ltr'>etiam</span> 
     </span>
     <span class='ocr_line' id='line_1_32' title="bbox 211 2059 1663 2101; baseline 0.002 -11"><span class='ocrx_word' id='word_1_277' title='bbox 211 2059 412 2101; x_wconf 81' lang='lat' dir='ltr'>postpallam</span> <span class='ocrx_word' id='word_1_278' title='bbox 429 2059 535 2089; x_wconf 78' lang='lat' dir='ltr'>eidem</span> <span class='ocrx_word' id='word_1_279' title='bbox 553 2059 688 2089; x_wconf 85' lang='lat' dir='ltr'>videtur</span> <span class='ocrx_word' id='word_1_280' title='bbox 701 2059 810 2089; x_wconf 82' lang='lat' dir='ltr'>otiosa</span> <span class='ocrx_word' id='word_1_281' title='bbox 827 2063 861 2089; x_wconf 89' lang='lat' dir='ltr'>et</span> <span class='ocrx_word' id='word_1_282' title='bbox 875 2059 1023 2090; x_wconf 79' lang='lat' dir='ltr'>molesta.</span> <span class='ocrx_word' id='word_1_283' title='bbox 1073 2060 1151 2089; x_wconf 87' lang='lat' dir='ltr'>Mox</span> <span class='ocrx_word' id='word_1_284' title='bbox 1170 2060 1215 2090; x_wconf 91' lang='grc' dir='ltr'>Ο.</span> <span class='ocrx_word' id='word_1_285' title='bbox 1233 2065 1267 2091; x_wconf 85' lang='lat' dir='ltr'>et</span> <span class='ocrx_word' id='word_1_286' title='bbox 1284 2061 1432 2101; x_wconf 90' lang='lat' dir='ltr'>quinque</span> <span class='ocrx_word' id='word_1_287' title='bbox 1457 2061 1512 2091; x_wconf 86' lang='lat' dir='ltr'>alii</span> <span class='ocrx_word' id='word_1_288' title='bbox 1535 2061 1663 2093; x_wconf 76' lang='lat' dir='ltr'>inducta</span> 
     </span>
     <span class='ocr_line' id='line_1_33' title="bbox 207 2101 1699 2135; baseline 0.002 -3"><span class='ocrx_word' id='word_1_289' title='bbox 207 2101 375 2132; x_wconf 49' lang='lat' dir='ltr'>nite-265</span> <span class='ocrx_word' id='word_1_290' title='bbox 400 2101 517 2133; x_wconf 89' lang='lat' dir='ltr'>Heins.</span> <span class='ocrx_word' id='word_1_291' title='bbox 540 2101 688 2132; x_wconf 80' lang='lat' dir='ltr'>malebat</span> <span class='ocrx_word' id='word_1_292' title='bbox 711 2101 839 2131; x_wconf 83' lang='lat' dir='ltr'>trahant</span> <span class='ocrx_word' id='word_1_293' title='bbox 860 2106 894 2130; x_wconf 88' lang='lat' dir='ltr'>et</span> <span class='ocrx_word' id='word_1_294' title='bbox 909 2102 1139 2133; x_wconf 54' lang='grc' dir='ltr'>ἅπαντι-266</span> <span class='ocrx_word' id='word_1_295' title='bbox 1168 2103 1258 2133; x_wconf 63' lang='lat' dir='ltr'>reid.</span> <span class='ocrx_word' id='word_1_296' title='bbox 1285 2113 1368 2133; x_wconf 86' lang='lat' dir='ltr'>unus</span> <span class='ocrx_word' id='word_1_297' title='bbox 1398 2113 1437 2133; x_wconf 84' lang='lat' dir='ltr'>ex</span> <span class='ocrx_word' id='word_1_298' title='bbox 1451 2103 1662 2135; x_wconf 53' lang='grc' dir='ltr'><strong>σταίη-267</strong></span> <span class='ocrx_word' id='word_1_299' title='bbox 1691 2103 1699 2107; x_wconf 73' lang='grc'><strong><em>’</em></strong></span> 
     </span>
     <span class='ocr_line' id='line_1_34' title="bbox 213 2143 1662 2187; baseline 0.001 -12"><span class='ocrx_word' id='word_1_300' title='bbox 213 2143 355 2183; x_wconf 82' lang='lat' dir='ltr'>Variasq.</span> <span class='ocrx_word' id='word_1_301' title='bbox 371 2152 413 2173; x_wconf 85' lang='lat' dir='ltr'>ex</span> <span class='ocrx_word' id='word_1_302' title='bbox 429 2148 513 2174; x_wconf 84' lang='lat' dir='ltr'>vett.</span> <span class='ocrx_word' id='word_1_303' title='bbox 530 2143 696 2184; x_wconf 81' lang='lat' dir='ltr'>plerisque</span> <span class='ocrx_word' id='word_1_304' title='bbox 714 2143 845 2183; x_wconf 80' lang='lat' dir='ltr'>recepit</span> <span class='ocrx_word' id='word_1_305' title='bbox 861 2143 980 2173; x_wconf 82' lang='lat' dir='ltr'>Heius.</span> <span class='ocrx_word' id='word_1_306' title='bbox 996 2153 1054 2182; x_wconf 80' lang='lat' dir='ltr'>pro</span> <span class='ocrx_word' id='word_1_307' title='bbox 1073 2145 1162 2183; x_wconf 84' lang='lat' dir='ltr'>vulg.</span> <span class='ocrx_word' id='word_1_308' title='bbox 1178 2145 1302 2185; x_wconf 70' lang='lat' dir='ltr'>variisq.</span> <span class='ocrx_word' id='word_1_309' title='bbox 1338 2145 1554 2186; x_wconf 79' lang='lat' dir='ltr'>Scliepperus</span> <span class='ocrx_word' id='word_1_310' title='bbox 1569 2146 1662 2187; x_wconf 89' lang='lat' dir='ltr'>conj.</span> 
     </span>
     <span class='ocr_line' id='line_1_35' title="bbox 208 2185 1662 2225; baseline 0.002 -9"><span class='ocrx_word' id='word_1_311' title='bbox 208 2186 504 2225; x_wconf 60' lang='lat' dir='ltr'>variantque—268</span> <span class='ocrx_word' id='word_1_312' title='bbox 526 2186 652 2216; x_wconf 83' lang='lat' dir='ltr'>Tlman.</span> <span class='ocrx_word' id='word_1_313' title='bbox 670 2192 703 2215; x_wconf 86' lang='lat' dir='ltr'>et</span> <span class='ocrx_word' id='word_1_314' title='bbox 720 2187 808 2215; x_wconf 82' lang='lat' dir='ltr'>alter</span> <span class='ocrx_word' id='word_1_315' title='bbox 820 2185 988 2215; x_wconf 68' lang='lat' dir='ltr'>Twisden.</span> <span class='ocrx_word' id='word_1_316' title='bbox 1006 2185 1199 2222; x_wconf 72' lang='lat' dir='ltr'>hoesaciunt.</span> <span class='ocrx_word' id='word_1_317' title='bbox 1245 2188 1326 2218; x_wconf 87' lang='lat' dir='ltr'>Mox</span> <span class='ocrx_word' id='word_1_318' title='bbox 1341 2188 1474 2224; x_wconf 68' lang='lat' dir='ltr'>Fragm.</span> <span class='ocrx_word' id='word_1_319' title='bbox 1492 2188 1662 2219; x_wconf 83' lang='lat' dir='ltr'>Boxhorn.</span> 
     </span>
     <span class='ocr_line' id='line_1_36' title="bbox 210 2227 1661 2271; baseline 0.003 -13"><span class='ocrx_word' id='word_1_320' title='bbox 210 2229 298 2259; x_wconf 88' lang='lat' dir='ltr'>alter</span> <span class='ocrx_word' id='word_1_321' title='bbox 314 2227 502 2268; x_wconf 85' lang='lat' dir='ltr'>Hamburg.</span> <span class='ocrx_word' id='word_1_322' title='bbox 526 2233 562 2258; x_wconf 82' lang='lat' dir='ltr'>et</span> <span class='ocrx_word' id='word_1_323' title='bbox 579 2233 644 2257; x_wconf 67' lang='lat' dir='ltr'>tres</span> <span class='ocrx_word' id='word_1_324' title='bbox 664 2228 719 2258; x_wconf 69' lang='lat' dir='ltr'>alii</span> <span class='ocrx_word' id='word_1_325' title='bbox 735 2228 809 2267; x_wconf 80' lang='lat' dir='ltr'>quid</span> <span class='ocrx_word' id='word_1_326' title='bbox 825 2236 886 2267; x_wconf 92' lang='lat' dir='ltr'>pro</span> <span class='ocrx_word' id='word_1_327' title='bbox 901 2230 1085 2266; x_wconf 72' lang='lat' dir='ltr'>quus.-—270</span> <span class='ocrx_word' id='word_1_328' title='bbox 1105 2229 1264 2260; x_wconf 73' lang='lat' dir='ltr'>Menan-d.</span> <span class='ocrx_word' id='word_1_329' title='bbox 1288 2230 1329 2261; x_wconf 80' lang='lat' dir='ltr'>R.</span> <span class='ocrx_word' id='word_1_330' title='bbox 1352 2240 1434 2260; x_wconf 88' lang='lat' dir='ltr'>unus</span> <span class='ocrx_word' id='word_1_331' title='bbox 1458 2236 1491 2260; x_wconf 91' lang='lat' dir='ltr'>et</span> <span class='ocrx_word' id='word_1_332' title='bbox 1516 2234 1661 2271; x_wconf 79' lang='lat' dir='ltr'>quatuor</span> 
     </span>
     <span class='ocr_line' id='line_1_37' title="bbox 209 2270 1660 2312; baseline 0.002 -12"><span class='ocrx_word' id='word_1_333' title='bbox 209 2270 264 2301; x_wconf 84' lang='lat' dir='ltr'>alii</span> <span class='ocrx_word' id='word_1_334' title='bbox 285 2279 410 2310; x_wconf 83' lang='lat' dir='ltr'>preusas</span> <span class='ocrx_word' id='word_1_335' title='bbox 431 2280 492 2309; x_wconf 87' lang='lat' dir='ltr'>pro</span> <span class='ocrx_word' id='word_1_336' title='bbox 513 2272 737 2310; x_wconf 45' lang='lat' dir='ltr'>pensata—272</span> <span class='ocrx_word' id='word_1_337' title='bbox 763 2270 855 2300; x_wconf 85' lang='lat' dir='ltr'>Unus</span> <span class='ocrx_word' id='word_1_338' title='bbox 874 2270 966 2300; x_wconf 87' lang='lat' dir='ltr'>Med.</span> <span class='ocrx_word' id='word_1_339' title='bbox 985 2270 1151 2300; x_wconf 72' lang='lat' dir='ltr'>Exhilerut</span> <span class='ocrx_word' id='word_1_340' title='bbox 1178 2273 1254 2302; x_wconf 69' lang='lat' dir='ltr'>vult.</span> <span class='ocrx_word' id='word_1_341' title='bbox 1300 2272 1386 2302; x_wconf 77' lang='lat' dir='ltr'>Dein</span> <span class='ocrx_word' id='word_1_342' title='bbox 1414 2272 1547 2312; x_wconf 81' lang='lat' dir='ltr'>plurimi</span> <span class='ocrx_word' id='word_1_343' title='bbox 1575 2277 1660 2306; x_wconf 89' lang='lat' dir='ltr'>vett.</span> 
     </span>
     <span class='ocr_line' id='line_1_38' title="bbox 209 2312 1661 2352; baseline 0.003 -10"><span class='ocrx_word' id='word_1_344' title='bbox 209 2313 311 2343; x_wconf 88' lang='lat' dir='ltr'>omina</span> <span class='ocrx_word' id='word_1_345' title='bbox 327 2313 418 2349; x_wconf 76' lang='lat' dir='ltr'>vocis,</span> <span class='ocrx_word' id='word_1_346' title='bbox 432 2314 484 2342; x_wconf 87' lang='lat' dir='ltr'>vel</span> <span class='ocrx_word' id='word_1_347' title='bbox 502 2313 603 2342; x_wconf 77' lang='lat' dir='ltr'>omnia</span> <span class='ocrx_word' id='word_1_348' title='bbox 618 2313 716 2347; x_wconf 47' lang='grc' dir='ltr'>ποιῇς,-</span> <span class='ocrx_word' id='word_1_349' title='bbox 735 2313 824 2352; x_wconf 85' lang='lat' dir='ltr'>vulg.</span> <span class='ocrx_word' id='word_1_350' title='bbox 837 2312 938 2342; x_wconf 86' lang='lat' dir='ltr'>omina</span> <span class='ocrx_word' id='word_1_351' title='bbox 953 2312 1051 2342; x_wconf 83' lang='lat' dir='ltr'>votis:</span> <span class='ocrx_word' id='word_1_352' title='bbox 1069 2312 1135 2343; x_wconf 91' lang='lat' dir='ltr'>duo</span> <span class='ocrx_word' id='word_1_353' title='bbox 1152 2322 1192 2342; x_wconf 84' lang='lat' dir='ltr'>ex</span> <span class='ocrx_word' id='word_1_354' title='bbox 1209 2314 1404 2345; x_wconf 86' lang='lat' dir='ltr'>melioribus</span> <span class='ocrx_word' id='word_1_355' title='bbox 1420 2315 1522 2345; x_wconf 89' lang='lat' dir='ltr'>omnia</span> <span class='ocrx_word' id='word_1_356' title='bbox 1536 2324 1661 2346; x_wconf 84' lang='lat' dir='ltr'>voce.—</span> 
     </span>
     <span class='ocr_line' id='line_1_39' title="bbox 209 2354 1660 2397; baseline 0.003 -12"><span class='ocrx_word' id='word_1_357' title='bbox 209 2356 272 2385; x_wconf 76' lang='lat'>274</span> <span class='ocrx_word' id='word_1_358' title='bbox 286 2354 383 2385; x_wconf 91' lang='lat' dir='ltr'>Voss.</span> <span class='ocrx_word' id='word_1_359' title='bbox 400 2355 527 2395; x_wconf 81' lang='lat' dir='ltr'>Mellaq.</span> <span class='ocrx_word' id='word_1_360' title='bbox 545 2354 658 2392; x_wconf 79' lang='lat' dir='ltr'>juncta</span> <span class='ocrx_word' id='word_1_361' title='bbox 672 2364 763 2393; x_wconf 84' lang='lat' dir='ltr'>mero,</span> <span class='ocrx_word' id='word_1_362' title='bbox 784 2358 824 2384; x_wconf 85' lang='lat' dir='ltr'>et.</span> <span class='ocrx_word' id='word_1_363' title='bbox 850 2354 914 2384; x_wconf 78' lang='lat' dir='ltr'>Sed</span> <span class='ocrx_word' id='word_1_364' title='bbox 926 2357 955 2383; x_wconf 81' lang='lat' dir='ltr'>et</span> <span class='ocrx_word' id='word_1_365' title='bbox 971 2355 1002 2384; x_wconf 90' lang='lat' dir='ltr'>in</span> <span class='ocrx_word' id='word_1_366' title='bbox 1020 2354 1218 2395; x_wconf 84' lang='lat' dir='ltr'>quibusdam</span> <span class='ocrx_word' id='word_1_367' title='bbox 1232 2356 1338 2388; x_wconf 82' lang='lat' dir='ltr'>deest.</span> <span class='ocrx_word' id='word_1_368' title='bbox 1361 2356 1402 2387; x_wconf 90' lang='lat' dir='ltr'>In</span> <span class='ocrx_word' id='word_1_369' title='bbox 1419 2357 1557 2389; x_wconf 71' lang='lat' dir='ltr'>Caelest.</span> <span class='ocrx_word' id='word_1_370' title='bbox 1572 2367 1660 2397; x_wconf 81' lang='lat' dir='ltr'>coag.</span> 
     </span>
     <span class='ocr_line' id='line_1_40' title="bbox 205 2396 1660 2440; baseline 0.003 -13"><span class='ocrx_word' id='word_1_371' title='bbox 205 2399 429 2436; x_wconf 64' lang='lat' dir='ltr'>precem—276</span> <span class='ocrx_word' id='word_1_372' title='bbox 453 2397 571 2427; x_wconf 74' lang='lat' dir='ltr'>Heius.</span> <span class='ocrx_word' id='word_1_373' title='bbox 588 2396 732 2427; x_wconf 84' lang='lat' dir='ltr'>malebat</span> <span class='ocrx_word' id='word_1_374' title='bbox 745 2396 915 2436; x_wconf 78' lang='lat' dir='ltr'>arripimus</span> <span class='ocrx_word' id='word_1_375' title='bbox 925 2406 1004 2427; x_wconf 81' lang='lat' dir='ltr'>sacr.</span> <span class='ocrx_word' id='word_1_376' title='bbox 1025 2396 1113 2437; x_wconf 89' lang='lat' dir='ltr'>quod</span> <span class='ocrx_word' id='word_1_377' title='bbox 1138 2398 1334 2430; x_wconf 85' lang='lat' dir='ltr'>aviditatem</span> <span class='ocrx_word' id='word_1_378' title='bbox 1350 2399 1539 2431; x_wconf 87' lang='lat' dir='ltr'>sitientium</span> <span class='ocrx_word' id='word_1_379' title='bbox 1556 2400 1660 2440; x_wconf 85' lang='lat' dir='ltr'>magis</span> 
     </span>
    </p>
   </div>
   <div class='ocr_carea' id='block_1_7' title="bbox 867 2481 1006 2512">
    <p class='ocr_par' dir='ltr' id='par_1_15' title="bbox 867 2481 1006 2512">
     <span class='ocr_line' id='line_1_41' title="bbox 867 2481 1006 2512; baseline 0 0"><span class='ocrx_word' id='word_1_380' title='bbox 867 2481 1006 2512; x_wconf 81' lang='lat' dir='ltr'>NOTAE</span> 
     </span>
    </p>
   </div>
   <div class='ocr_carea' id='block_1_8' title="bbox 208 2543 1660 2792">
    <p class='ocr_par' dir='ltr' id='par_1_16' title="bbox 208 2543 1660 2737">
     <span class='ocr_line' id='line_1_42' title="bbox 249 2543 1660 2589; baseline 0.005 -16"><span class='ocrx_word' id='word_1_381' title='bbox 249 2545 312 2574; x_wconf 81' lang='lat'>265</span> <span class='ocrx_word' id='word_1_382' title='bbox 330 2543 441 2582; x_wconf 81' lang='lat' dir='ltr'>Nulla]</span> <span class='ocrx_word' id='word_1_383' title='bbox 461 2544 636 2575; x_wconf 83' lang='lat' dir='ltr'>Quomodo</span> <span class='ocrx_word' id='word_1_384' title='bbox 652 2545 817 2585; x_wconf 86' lang='lat' dir='ltr'>hodieque</span> <span class='ocrx_word' id='word_1_385' title='bbox 834 2546 905 2586; x_wconf 83' lang='lat' dir='ltr'>plu·</span> <span class='ocrx_word' id='word_1_386' title='bbox 960 2546 1078 2577; x_wconf 84' lang='lat' dir='ltr'>rimum</span> <span class='ocrx_word' id='word_1_387' title='bbox 1112 2548 1222 2579; x_wconf 87' lang='lat' dir='ltr'>valere</span> <span class='ocrx_word' id='word_1_388' title='bbox 1259 2548 1455 2589; x_wconf 81' lang='lat' dir='ltr'>intelligunt</span> <span class='ocrx_word' id='word_1_389' title='bbox 1491 2548 1660 2589; x_wconf 78' lang='lat' dir='ltr'>mulieres,</span> 
     </span>
     <span class='ocr_line' id='line_1_43' title="bbox 208 2592 1658 2631; baseline 0.005 -8"><span class='ocrx_word' id='word_1_390' title='bbox 208 2592 301 2624; x_wconf 88' lang='lat' dir='ltr'>rimae</span> <span class='ocrx_word' id='word_1_391' title='bbox 315 2593 424 2623; x_wconf 77' lang='lat' dir='ltr'>solent</span> <span class='ocrx_word' id='word_1_392' title='bbox 439 2594 563 2630; x_wconf 85' lang='lat' dir='ltr'>vivere,</span> <span class='ocrx_word' id='word_1_393' title='bbox 580 2593 613 2624; x_wconf 92' lang='lat' dir='ltr'>id</span> <span class='ocrx_word' id='word_1_394' title='bbox 629 2604 729 2625; x_wconf 89' lang='lat' dir='ltr'>unum</span> <span class='ocrx_word' id='word_1_395' title='bbox 745 2601 905 2626; x_wconf 83' lang='lat' dir='ltr'>curantes</span> <span class='ocrx_word' id='word_1_396' title='bbox 959 2594 1034 2626; x_wconf 91' lang='lat' dir='ltr'>ideo</span> <span class='ocrx_word' id='word_1_397' title='bbox 1062 2596 1095 2626; x_wconf 90' lang='lat' dir='ltr'>in</span> <span class='ocrx_word' id='word_1_398' title='bbox 1121 2606 1160 2627; x_wconf 78' lang='lat' dir='ltr'>ea</span> <span class='ocrx_word' id='word_1_399' title='bbox 1186 2598 1397 2628; x_wconf 84' lang='lat' dir='ltr'>concilianda</span> <span class='ocrx_word' id='word_1_400' title='bbox 1413 2604 1489 2628; x_wconf 82' lang='lat' dir='ltr'>sunt</span> <span class='ocrx_word' id='word_1_401' title='bbox 1512 2599 1658 2631; x_wconf 84' lang='lat' dir='ltr'>maxime</span> 
     </span>
     <span class='ocr_line' id='line_1_44' title="bbox 208 2643 1657 2687; baseline 0.004 -14"><span class='ocrx_word' id='word_1_402' title='bbox 208 2651 247 2674; x_wconf 81' lang='lat' dir='ltr'>ut</span> <span class='ocrx_word' id='word_1_403' title='bbox 272 2643 338 2674; x_wconf 85' lang='lat' dir='ltr'>suis</span> <span class='ocrx_word' id='word_1_404' title='bbox 364 2643 535 2675; x_wconf 81' lang='lat' dir='ltr'>illecebris</span> <span class='ocrx_word' id='word_1_405' title='bbox 558 2645 675 2675; x_wconf 80' lang='lat' dir='ltr'>obvios</span> <span class='ocrx_word' id='word_1_406' title='bbox 691 2656 839 2687; x_wconf 83' lang='lat' dir='ltr'>quosque</span> <span class='ocrx_word' id='word_1_407' title='bbox 863 2646 904 2677; x_wconf 86' lang='lat' dir='ltr'>ad</span> <span class='ocrx_word' id='word_1_408' title='bbox 959 2645 1112 2677; x_wconf 82' lang='lat' dir='ltr'>intentae.</span> <span class='ocrx_word' id='word_1_409' title='bbox 1141 2647 1192 2676; x_wconf 88' lang='lat' dir='ltr'>Ex</span> <span class='ocrx_word' id='word_1_410' title='bbox 1208 2657 1248 2678; x_wconf 85' lang='lat' dir='ltr'>ea</span> <span class='ocrx_word' id='word_1_411' title='bbox 1264 2657 1342 2677; x_wconf 89' lang='lat' dir='ltr'>vero</span> <span class='ocrx_word' id='word_1_412' title='bbox 1357 2646 1515 2678; x_wconf 86' lang='lat' dir='ltr'>veneficae</span> <span class='ocrx_word' id='word_1_413' title='bbox 1533 2646 1657 2680; x_wconf 84' lang='lat' dir='ltr'>famam</span> 
     </span>
     <span class='ocr_line' id='line_1_45' title="bbox 210 2693 1657 2737; baseline 0.005 -14"><span class='ocrx_word' id='word_1_414' title='bbox 210 2702 370 2723; x_wconf 78' lang='lat' dir='ltr'>vesanum</span> <span class='ocrx_word' id='word_1_415' title='bbox 387 2693 436 2724; x_wconf 81' lang='lat' dir='ltr'>sui</span> <span class='ocrx_word' id='word_1_416' title='bbox 453 2703 600 2725; x_wconf 81' lang='lat' dir='ltr'>amorem</span> <span class='ocrx_word' id='word_1_417' title='bbox 618 2695 819 2734; x_wconf 84' lang='lat' dir='ltr'>perducant.</span> <span class='ocrx_word' id='word_1_418' title='bbox 960 2695 1073 2734; x_wconf 87' lang='lat' dir='ltr'>Circe,</span> <span class='ocrx_word' id='word_1_419' title='bbox 1099 2705 1288 2737; x_wconf 86' lang='lat' dir='ltr'>quanquam</span> <span class='ocrx_word' id='word_1_420' title='bbox 1311 2701 1346 2728; x_wconf 84' lang='lat' dir='ltr'>et</span> <span class='ocrx_word' id='word_1_421' title='bbox 1370 2696 1447 2728; x_wconf 88' lang='lat' dir='ltr'>ideo</span> <span class='ocrx_word' id='word_1_422' title='bbox 1474 2696 1560 2728; x_wconf 83' lang='lat' dir='ltr'>Solis</span> <span class='ocrx_word' id='word_1_423' title='bbox 1584 2696 1657 2730; x_wconf 80' lang='lat' dir='ltr'>filia</span> 
     </span>
    </p>

    <p class='ocr_par' dir='ltr' id='par_1_17' title="bbox 251 2743 1656 2792">
     <span class='ocr_line' id='line_1_46' title="bbox 251 2743 1656 2792; baseline 0.005 -17"><span class='ocrx_word' id='word_1_424' title='bbox 251 2745 316 2775; x_wconf 75' lang='lat'>2⁷2</span> <span class='ocrx_word' id='word_1_425' title='bbox 338 2743 497 2785; x_wconf 61' lang='lat' dir='ltr'>Diffudit]</span> <span class='ocrx_word' id='word_1_426' title='bbox 522 2744 610 2777; x_wconf 84' lang='lat' dir='ltr'>Quia</span> <span class='ocrx_word' id='word_1_427' title='bbox 624 2743 734 2776; x_wconf 79' lang='lat' dir='ltr'>forma</span> <span class='ocrx_word' id='word_1_428' title='bbox 757 2755 817 2777; x_wconf 81' lang='lat' dir='ltr'>sua</span> <span class='ocrx_word' id='word_1_429' title='bbox 834 2746 907 2787; x_wconf 88' lang='lat' dir='ltr'>plu·</span> <span class='ocrx_word' id='word_1_430' title='bbox 960 2746 1054 2780; x_wconf 81' lang='lat' dir='ltr'>dicta</span> <span class='ocrx_word' id='word_1_431' title='bbox 1069 2747 1125 2790; x_wconf 88' lang='lat' dir='ltr'>sit,</span> <span class='ocrx_word' id='word_1_432' title='bbox 1139 2757 1207 2780; x_wconf 88' lang='lat' dir='ltr'>non</span> <span class='ocrx_word' id='word_1_433' title='bbox 1222 2747 1293 2780; x_wconf 89' lang='lat' dir='ltr'>sine</span> <span class='ocrx_word' id='word_1_434' title='bbox 1309 2758 1412 2781; x_wconf 75' lang='lat' dir='ltr'>causa</span> <span class='ocrx_word' id='word_1_435' title='bbox 1432 2748 1656 2792; x_wconf 83' lang='lat' dir='ltr'>comparavit.</span> 
     </span>
    </p>
   </div>
  </div>
 </body>
</html>
