1773 3121
458 198 492 230 M
501 193 928 228 BTAMORPHOSEON
963 193 1058 224 LIB.
1092 193 1178 224 XV.

1433 181 1546 224 1751

92 292 288 348 conjuge
309 291 386 346 qui
405 292 515 332 felix
537 289 759 343 Nympha,
781 287 1053 342 ducibusque
1073 286 1314 338 Camoenis,

91 359 325 401 Sacrificos
346 358 497 399 docuit
517 357 644 404 ritus,
666 362 941 408 gentemque,
963 355 1100 395 feroci

90 425 326 467 Assuetam
347 424 476 472 bello,
498 424 622 476 pacis
642 421 842 463 traduxit
861 421 920 462 ad
940 426 1071 463 artes.

92 492 252 543 Quem,
272 496 509 545 postquam
532 490 682 530 senior
701 502 969 542 regnumque
989 500 1220 542 aevumque
1238 486 1419 542 peregit,
1461 484 1548 528 485

91 560 348 601 Extinctum
366 558 595 611 Latiaeque
613 570 761 606 nurus,
782 556 1079 611 populusque,
1102 555 1358 610 Parnesque,

92 626 315 668 Deflevere
338 625 554 666 Numam:
584 638 684 666 nam
705 625 870 678 conjux
891 624 994 664 urbe
1013 623 1170 664 relicta

89 691 237 733 Vallis
256 692 451 733 Aricinae
470 691 616 732 densis
637 692 747 732 latet
763 690 916 732 abdita
935 690 1088 744 sylvis,

90 757 314 812 Sacraque
334 757 531 800 Oresteae
549 758 709 811 gemitu
730 760 979 811 questuque
1001 756 1162 798 Dianae

89 888 143 930 qui
165 888 271 921 beatus
297 889 442 930 Nympha
467 899 574 926 uxore,
600 892 629 919 et
655 888 758 920 Musis
782 887 921 927 ducibus,
943 887 1046 919 docuit
1069 887 1150 918 ritus
1173 886 1343 929 sacrificos,
1366 889 1398 918 et
1423 885 1549 918 addixit

90 931 211 963 artibus
223 933 309 973 pacis
322 933 479 963 nationem
492 934 644 963 assuetam
659 940 738 962 κει-ο
753 931 840 962 bello.
887 931 985 966 Quem
1013 931 1162 969 Numam,
1185 933 1345 970 postquam
1363 929 1466 960 senior
1479 938 1550 969 per-

91 974 158 1012 egit
173 984 302 1014 regnum
317 978 348 1006 et
360 984 465 1012 annos,
480 974 656 1011 eesoeminoe
671 974 833 1012 Romame,
848 977 877 1004 et
890 974 1034 1013 populus,
1048 976 1079 1003 et
1093 976 1197 1013 patres
1211 973 1355 1002 luxerunt
1371 974 1549 1003 mortuum:

90 1025 172 1047 uxor
199 1017 295 1059 enim,
318 1017 392 1049 urbe
415 1018 549 1056 deserta,
575 1017 650 1047 latet
677 1016 854 1047 abscondita
876 1016 909 1046 in
924 1015 1027 1055 opacis
1039 1014 1135 1056 sylvis
1159 1015 1249 1046 vallis
1271 1014 1434 1046 Ariciae:
1456 1017 1549 1054 aeque

90 1176 283 1214 cam—483
308 1174 501 1205 Unusliber
514 1177 668 1214 gentemq.
679 1172 838 1211 ferocem,·
862 1173 946 1204 alius
967 1171 1248 1212 profanam—484
1271 1171 1348 1202 Duo
1365 1171 1551 1202 Consuetam

91 1216 159 1247 bell.
203 1216 273 1247 Pro
299 1217 456 1254 traduxit,
482 1225 566 1247 unus
591 1216 749 1251 deduxit5
782 1215 825 1247 V.
856 1225 925 1246 sec.
953 1215 1151 1252 transmisit,-
1186 1219 1266 1245 octo
1292 1214 1548 1245 traducta—485

95 1259 194 1294 Quem
211 1268 274 1300 pro
290 1259 343 1300 qui
355 1268 398 1290 ex
416 1259 514 1291 Cant.
547 1257 614 1290 Sed
632 1263 702 1290 tum
717 1257 838 1291 Heius.
856 1266 960 1299 porro
975 1267 1025 1291 vs.
1037 1260 1111 1291 487.
1126 1256 1264 1289 volebat
1278 1255 1441 1298 Defletere
1451 1256 1554 1287 virum

747 1366 780 1398 N
786 1365 889 1399 01⁸AE

91 1438 143 1470 nis
157 1442 316 1481 agentem
332 1440 422 1472 ultro
439 1440 608 1481 petivere,
625 1439 669 1472 ob
689 1439 794 1482 incly-

91 1494 162 1520 tam
200 1490 264 1521 viri
302 1490 523 1530 religionem!
572 1491 688 1523 Verba
715 1496 795 1523 sunt

94 1539 184 1570 Flori
198 1551 208 1578 ;
231 1550 306 1581 quae
320 1539 429 1572 facem
444 1540 492 1572 ita
506 1539 667 1581 praet'erre
681 1540 795 1572 viden-

95 1595 151 1620 tur
181 1589 334 1630 plurimis
369 1591 586 1630 Christianis,
611 1595 648 1621 ut
674 1591 796 1621 mirum

94 1640 150 1680 sit,
165 1640 254 1681 quod
272 1640 346 1671 illos
369 1641 459 1672 omni
482 1641 647 1672 scelerum
671 1649 796 1680 genere

95 1691 297 1733 quandoque
313 1692 464 1731 perditos
473 1692 568 1732 sequi
580 1701 644 1722 non
658 1691 798 1732 pudeat.

136 1744 200 1772 482
227 1741 389 1782 Nympha]
405 1742 542 1782 Egeria,
558 1741 705 1780 scilicet,
717 1750 797 1782 qua·

95 1799 173 1822 eum
188 1799 389 1828 congressus
411 1791 538 1822 habere
556 1791 669 1822 Numa
691 1789 796 1830 finge-

95 1840 167 1880 bat,
182 1844 219 1872 ut
233 1841 344 1872 omnia
358 1841 452 1881 quasi
468 1841 597 1872 monitu
609 1840 696 1871 illius
708 1840 795 1871 Deae

93 1891 203 1930 magia
222 1890 357 1921 barbari
371 1890 581 1930 acciperent.
604 1889 667 1921 Ille
682 1895 796 1921 autem

93 1940 232 1982 regibus
244 1941 400 1981 exvmplo
413 1949 487 1972 esse
499 1943 626 1981 potest,
641 1939 697 1979 qni
714 1948 797 1970 nun-

93 1999 194 2032 quam
221 1990 285 2021 sibi
310 1996 412 2031 atque
429 1991 564 2031 populis
587 1990 705 2021 melius
722 1999 797 2030 pos-

94 2042 174 2070 sunt
187 2040 378 2077 consulere,
393 2049 492 2081 quam
509 2049 600 2077 cum,
621 2048 687 2070 uon
709 2039 797 2079 Ege-

95 2088 179 2120 riam
191 2089 382 2130 nympham,
393 2089 453 2120 sed
465 2089 571 2130 ipsam
585 2088 798 2129 DeiSapien-

94 2138 176 2170 tiam
191 2148 343 2170 seorsum
357 2140 399 2170 ab
413 2139 569 2170 omnibus
583 2139 776 2171 consulunt.

140 2190 308 2231 emnia]
327 2190 454 2229 Muri„
477 2190 610 2231 quibus,
627 2195 664 2221 ut
682 2190 796 2222 Livius

93 2244 221 2280 narrat,
230 2241 356 2279 lucum,
368 2250 466 2281 quem
478 2240 624 2271 medium
635 2250 677 2271 ex
690 2250 797 2280 opaco

95 2298 201 2331 specu
219 2289 291 2321 fons
306 2290 446 2330 perenni
464 2290 597 2329 rigabat
607 2299 797 2331 aqua,con-

96 2339 268 2378 aecravit;
299 2339 389 2381 quod
407 2340 555 2371 Dearum
579 2339 642 2370 sibi
659 2340 798 2371 consilia

96 2397 173 2420 cnm
189 2389 333 2430 conjug«-
350 2399 410 2420 sua
427 2389 550 2429 Egeria
566 2395 689 2420 essent.

137 2441 201 2471 48⁴
249 2439 422 2480 Trou-urie]
487 2439 675 2478 Religione,
722 2450 796 2481 qua·

98 2489 212 2522 lumen
228 2489 377 2521 divinum
397 2491 428 2521 in
455 2496 561 2520 terras
586 2490 732 2526 derivat,
748 2495 796 2520 at-

96 2548 164 2581 que
193 2539 369 2579 indu-tria,
406 2549 482 2580 qu‘ae
520 2539 686 2571 hominem
722 2539 798 2570 Deo

98 2589 239 2621 uinilem
252 2589 348 2629 facit,
359 2590 484 2621 orando
498 2598 600 2632 alque·
615 2590 798 2621 laborando

100 2646 262 2679 prospere
285 2641 398 2671 omnia
424 2640 560 2671 crdunt.
610 2641 672 2672 Au
701 2641 798 2671 hodie

102 2685 234 2719 inertie
265 2695 368 2731 atque
386 2691 567 2730 superbiae,
582 2700 655 2731 quae
676 2691 799 2730 Impie-

104 2737 185 2769 tatia
215 2737 290 2771 sona
325 2746 390 2782 eat,
419 2741 468 2772 ita
498 2741 632 2773 videtur
655 2741 800 2774 traditus

847 1441 1004 1482 mundus,
1027 1440 1054 1472 si
1071 1438 1235 1483 quosdam
1258 1436 1422 1479 excipias,
1441 1441 1479 1469 ut
1493 1436 1551 1468 vix

848 1491 974 1522 diutius
989 1491 1118 1522 senium
1145 1490 1292 1521 tolerare
1317 1497 1416 1529 posse
1439 1487 1554 1518 videa-

850 1547 918 1582 tur,
934 1542 996 1573 nisi
1013 1542 1230 1582 resipiscant.
1419 1539 1425 1546 “

891 1596 953 1623 485
979 1591 1140 1632 Regnum]
1183 1589 1423 1630 Quadraginta
1447 1598 1554 1621 annos

849 1646 1031 1682 postquam
1048 1644 1234 1682 regnasset,
1249 1640 1346 1671 obiit.

893 1693 957 1722 ⁴88
978 1690 1134 1731 Aricina]
1167 1690 1253 1721 Hoec
1281 1689 1345 1721 fuit
1360 1690 1468 1731 vallis,
1489 1699 1556 1722 una

850 1750 926 1772 cum
944 1740 1062 1772 Aricia
1087 1741 1172 1772 urbe
1193 1741 1346 1782 antiqua,
1368 1740 1476 1772 tribus
1492 1741 1556 1772 cir·

850 1791 940 1822 citer
955 1792 1060 1823 leucis
1078 1792 1249 1823 Laurento
1265 1790 1382 1822 dissita
1405 1790 1447 1822 ad
1468 1790 1554 1831 Sep-

850 1841 1080 1881 temtrionem,
1094 1842 1242 1882 quinque
1261 1842 1367 1872 Roma
1378 1841 1554 1872 in‘ortum.

852 1891 954 1923 Circa
969 1892 1059 1922 illam
1083 1901 1200 1922 nemus
1217 1892 1335 1931 ingens
1352 1890 1417 1922 fuit
1431 1890 1553 1922 Dianae

851 1942 906 1973 vel
918 1941 1049 1982 Egeriae
1058 1941 1266 1980 dictum,ubi
1279 1940 1377 1972 hodie
1389 1940 1555 1981 oppidum

853 1993 971 2029 Nem⁰‚·
993 1993 1141 2033 itemque
1166 1992 1271 2028 lacus,
1296 1991 1354 2032 qni
1381 1991 1414 2022 in
1437 2000 1557 2032 agrum

853 2041 1142 2074 foecundissimum
1158 2046 1318 2073 mutatus.

893 2095 958 2124 489
982 2092 1098 2132 Sacra]
1133 2093 1183 2123 Ea
1206 2092 1238 2122 iu
1253 2091 1397 2122 Taurica
1417 2091 1559 2124 Cherso—

850 2151 933 2174 neso
971 2142 1135 2183 sanguine
1167 2148 1362 2172 exterorum
1395 2146 1562 2184 quotquot

851 2192 931 2224 illuc
948 2191 1170 2232 appellebant
1188 2191 1478 2223 absolvebantur:
1505 2201 1563 2222 ve-

852 2252 925 2273 rum
941 2248 1036 2273 tanta
1053 2241 1144 2282 apud
1166 2241 1323 2272 Aricinos
1339 2251 1405 2272 nou
1420 2239 1560 2272 fuerunt

851 2292 1074 2329 immanitate,
1091 2296 1126 2321 ut
1157 2291 1188 2321 in
1214 2290 1447 2330 superioribus
1472 2290 1558 2321 vidi-

852 2352 936 2373 mus.
984 2342 1050 2373 Hic
1064 2341 1249 2372 nemorerm'a
1259 2342 1345 2380 regis
1360 2341 1462 2372 titulo
1473 2339 1558 2381 fugi-

853 2393 941 2423 tivus
955 2392 1074 2433 aliquis
1089 2401 1203 2422 nervus
1221 2392 1350 2422 tamdiu
1365 2390 1560 2423 sacerdotio

853 2441 1070 2482 fungebatur,
1083 2442 1191 2473 donec
1208 2442 1250 2473 ab
1268 2442 1334 2473 alio
1352 2446 1556 2483 provocatus

853 2492 894 2522 ab
910 2492 1030 2523 codem
1049 2491 1275 2523 occideretur.

897 2542 1052 2582 Orestem]
1107 2543 1157 2574 Eo
1195 2543 1328 2573 nou-inc
1367 2542 1558 2581 appellatur

854 2592 1077 2633 Dia-nmquam
1095 2594 1137 2624 ab
1149 2592 1276 2623 Oreste
1297 2590 1559 2630 Agamemnoni·

853 2642 922 2673 filio
950 2642 1114 2680 Ariciam,
1138 2648 1172 2673 ut
1204 2643 1316 2682 placet
1346 2638 1560 2679 quibusdam,

853 2693 925 2732 ejus
957 2693 1174 2723 simulacrum
1211 2690 1410 2721 translatum
1441 2687 1557 2719 fuerit.

857 2743 1013 2783 Namque
1041 2742 1098 2773 illc
1116 2751 1191 2772 cum
1215 2748 1259 2770 cx
1282 2743 1438 2771 ruatcrna
1463 2738 1556 2771 crede
