1773 3121
447 608 523 664 P.
584 603 946 665 OVIDII
1014 596 1498 659 NASONIS

344 847 452 922 M
464 834 1601 922 ETAMORPHOSEON

754 1076 1015 1126 LIBER
1070 1075 1191 1124 XV.

436 1495 553 1535 FAB.
586 1493 623 1534 1.
684 1491 852 1533 Calculi
872 1491 985 1544 nigri
1001 1491 1044 1532 in
1064 1490 1291 1532 candidum
1315 1490 1516 1532 colorem.

254 1601 459 1640 ish-scmus,
471 1600 643 1632 Alemonis
659 1599 747 1631 filius
764 1603 965 1640 procreatus
975 1599 1088 1639 Argis,
1103 1609 1179 1630 cum
1189 1598 1295 1640 quieti
1311 1608 1347 1629 se
1363 1597 1523 1637 dedisset,
1535 1595 1704 1628 Hercules

296 1654 385 1685 visus
398 1658 461 1691 est,
474 1654 531 1694 qui
556 1662 632 1683 eum
650 1656 817 1689 moneret,
841 1656 880 1681 ut
896 1651 1041 1691 patriam
1065 1651 1285 1691 relinqueret,
1298 1654 1333 1681 et
1349 1649 1532 1681 secuudum
1549 1649 1702 1680 AEsarem

294 1716 426 1737 amnem
442 1705 644 1737 consideret.
689 1704 846 1736 Quicum
865 1702 978 1733 facere
1001 1703 1252 1742 extimesceret,
1277 1703 1355 1744 quia
1378 1703 1433 1733 lex
1457 1707 1592 1733 vetaret
1608 1703 1704 1734 dese-

294 1769 370 1789 rere
386 1759 530 1799 patriam
547 1762 582 1789 et
608 1758 642 1788 in
659 1757 758 1788 aliam
783 1756 956 1787 civitatem
983 1757 1141 1793 transire,
1168 1766 1281 1787 rursus
1305 1756 1494 1786 admonitus
1521 1759 1586 1787 est.
1629 1756 1705 1787 Me·

296 1815 393 1842 tuens
408 1811 524 1853 itaque
540 1816 681 1851 penates
698 1820 774 1840 suos
791 1809 959 1848 destituit,
975 1808 1118 1848 ideoque
1144 1809 1179 1839 in
1201 1809 1367 1849 judicium
1387 1808 1558 1848 publicum
1579 1812 1633 1839 est
1649 1808 1704 1839 dea

294 1867 447 1895 vocatus.
491 1864 537 1894 Et
553 1873 627 1894 cum
643 1871 775 1893 omnem
791 1860 952 1901 populum
968 1860 1129 1890 adversus
1142 1870 1177 1890 se
1200 1861 1565 1900 haberet‚judicaturis
1580 1861 1704 1892 calculi

294 1915 363 1946 albi
379 1924 418 1945 ac
430 1915 515 1955 nigri
532 1914 603 1945 dati
620 1918 718 1950 sunt3
743 1917 781 1942 ut
806 1911 872 1942 atri
899 1911 1107 1951 damnarent,
1124 1912 1258 1942 candidi
1282 1913 1508 1944 absolverent.
1554 1913 1703 1954 Mycilus

293 1967 422 2007 itaque,
439 1966 682 2006 pertimescens
698 1964 883 2004 periculum
901 1964 1037 2003 capitis,
1061 1964 1245 1994 Herculem
1272 1965 1456 2005 invocavit,
1478 1969 1516 1996 ut
1536 1965 1706 1996 laboranti

295 2018 374 2058 sibi,
389 2018 469 2059 quia.
487 2018 670 2058 ejusjussis
683 2017 969 2056 obtemperasset,
985 2015 1090 2047 ferret
1105 2017 1264 2048 auxilium
1279 2028 1286 2048 :
1313 2018 1365 2058 cuj
1373 2028 1409 2048 us
1425 2027 1545 2059 preces
1569 2027 1636 2048 non
1658 2018 1706 2048 in-

297 2081 429 2103 cassum
442 2071 609 2102 abierunt.
655 2071 742 2101 Nam
766 2079 841 2100 cum
866 2069 987 2100 calculi
1010 2079 1102 2100 more
1128 2070 1245 2110 patriae
1270 2070 1303 2100 in
1329 2080 1413 2101 urna
1439 2068 1538 2101 effusi
1567 2070 1706 2102 deducti

296 2128 423 2164 essent,
438 2133 552 2155 omnes
569 2127 800 2164 apparuerunt
820 2122 853 2152 in
870 2123 1017 2153 colorem
1035 2124 1147 2154 album
1171 2124 1339 2155 conversi.
1385 2123 1614 2157 Quamobrem
1633 2124 1706 2162 ille,

297 2181 389 2208 metu
405 2177 579 2216 liberatus,
607 2186 668 2217 per
691 2175 823 2206 Ionium
847 2176 987 2216 pelagus
1003 2177 1177 2216 navigans,
1194 2187 1268 2208 cum
1287 2177 1320 2207 in
1337 2177 1472 2208 Italiam
1487 2177 1650 2216 venisset,
1669 2181 1705 2209 et

296 2229 447 2260 AEsarem
463 2239 593 2260 amnem
616 2229 797 2269 attigisset,
821 2229 910 2259 sicut
933 2234 1144 2271 praeceptum
1161 2236 1245 2270 erat,
1267 2230 1386 2261 urbem
1403 2230 1594 2270 constituit,
1615 2239 1704 2261 eam-

297 2291 364 2323 que
380 2292 399 2312 a
415 2281 568 2321 proximo
586 2281 726 2322 tumulo,
746 2281 800 2311 cui
825 2281 928 2312 'rates
953 2282 1108 2323 Neptuni
1123 2282 1210 2314 filius
1227 2283 1402 2324 subjectus
1419 2287 1506 2323 erat,
1520 2283 1702 2314 Tarentum

296 2334 494 2365 nominavit.

258 2407 563 2468 QUAERrrUR
586 2426 760 2475 interea,
784 2426 859 2479 qui
880 2429 1016 2468 tantae
1038 2428 1238 2481 pondera
1257 2430 1385 2470 molis

259 2490 495 2543 Sustineat,
517 2496 726 2546 tantoque
747 2497 879 2546 queat
898 2496 1131 2536 succedere
1150 2495 1258 2548 regi.

301 2607 328 2629 1.
352 2597 512 2634 Quoeritur
537 2599 667 2640 interea,
695 2600 764 2640 quis
780 2599 869 2638 ferat
895 2612 986 2634 onera
1013 2607 1110 2635 tantoe
1135 2603 1370 2644 magnitudinis,
1394 2606 1424 2635 et
1436 2604 1534 2644 possit
1547 2604 1705 2636 succedere

863 2686 920 2698 oea
924 2688 1095 2700 eme

305 2740 321 2768 l
347 2737 411 2773 Qui
434 2737 553 2772 Heius.
580 2738 675 2771 dedit
704 2748 746 2770 ex
775 2740 819 2771 Ο.
846 2749 910 2780 pro
937 2740 1026 2782 vulg.
1048 2742 1191 2782 quien—2
1214 2743 1312 2775 Unus
1340 2741 1425 2784 Arg.
1451 2751 1531 2775 succ.
1556 2753 1704 2784 regno.-
