1773 3121
551 232 811 264 FASToRuM
846 233 894 262 Ll
905 234 940 263 Β.
975 234 1028 264 11.

1404 227 1518 269 1905

64 325 254 380 Jupiter,
276 328 429 384 inquit,
446 328 577 368 habet
598 325 804 366 Romana
824 327 1019 378 potentia
1040 328 1181 381 vircs;

120 393 356 447 Sanguinis
376 394 516 436 officio
537 406 624 433 non
646 397 747 444 eget
767 391 846 432 illa
866 393 968 434 mei.

63 459 221 502 Redde
245 463 355 516 patri
373 465 545 502 natum:
576 459 780 512 quamvis
801 458 1019 499 intercidit
1038 459 1160 508 alter,

1420 459 1535 509 485-

122 527 212 569 Pro
231 541 293 577 se,
315 539 480 581 proque
503 526 663 573 Remo,
684 526 757 578 qui
780 525 1056 575 mihi‘restat,
1076 527 1174 568 erit.

65 593 191 635 Unus
211 594 304 641 erit,
326 607 455 647 quem
477 597 523 634 tu
542 593 668 634 tolles
688 592 734 632 in
754 591 922 633 coerula
943 592 1045 633 coeli
1063 605 1074 643 3

118 661 187 701 Tu
207 660 312 700 mihi
330 660 481 701 dixisti
499 673 508 700 ε
541 659 627 700 sint
646 662 739 699 rata
758 657 875 699 dicta
894 658 923 699 J
927 659 1040 700 ovis.

61 727 236 780 Jupiter
256 729 478 768 annuerat.

538 724 663 766 Nutu
683 724 963 765 tremefactus
984 728 1166 778 uterque

119 792 202 833 Est
223 793 370 846 polus,
391 796 436 834 et
454 792 556 834 coeli
578 791 775 845 pondera
797 792 938 833 sensit
956 789 1103 833 Atlas.

1430 794 1517 835 400

59 858 140 900 Est
158 860 305 901 locus:
326 860 494 914 antiqui
515 857 732 912 Capream
752 858 900 900 dixere
919 858 1142 913 paludem.

119 924 253 966 Forte
276 927 363 967 tuis
385 927 490 976 illic,
514 925 715 976 Romule,
730 926 833 980 jura
853 925 1011 966 dabas.

61 991 139 1032 Sol
159 991 282 1044 fugit,
304 998 349 1034 et
369 998 591 1034 removent
611 993 842 1033 subeuntia
861 992 1011 1034 nubila
1031 991 1210 1041 coelum,

117 1057 174 1100 Et
192 1060 338 1113 gravis
359 1059 514 1101 effusis
533 1058 699 1099 decidit
717 1059 854 1099 imber
872 1058 1015 1111 aquis.

60 1184 119 1222 lea,
141 1185 281 1224 Jupiter,
303 1184 364 1222 ait,
389 1193 460 1225 opes
486 1183 637 1214 Romame
658 1183 728 1211 sunt
745 1183 867 1215 auctae‚·
888 1180 951 1210 illis
977 1179 1058 1210 nihil
1070 1182 1116 1210 eet
1130 1189 1204 1220 opus
1218 1180 1337 1211 auxilio
1352 1182 1516 1220 sanguini.-

59 1227 131 1257 περὶ.
177 1227 318 1257 Rutilae
333 1227 441 1267 filium
454 1225 540 1264 pati-i
552 1235 566 1261 ,⁰
579 1223 702 1254 tametsi
716 1223 797 1253 alter
820 1222 928 1261 periit,
956 1221 1010 1260 qui
1035 1222 1113 1252 mihi
1127 1225 1264 1262 superest
1278 1222 1340 1252 erit
1365 1232 1421 1262 pro
1436 1233 1469 1254 se
1485 1228 1515 1254 rt

56 1277 114 1308 pro
132 1268 239 1299 Remo.
288 1268 374 1299 Unus
398 1267 470 1304 erit,
495 1276 584 1306 quem
607 1269 642 1295 tu
667 1273 799 1295 assumes
821 1264 853 1294 in
869 1264 997 1294 coerulea
1012 1263 1093 1302 coeli,
1108 1267 1145 1294 tu
1166 1264 1245 1295 mihi
1269 1264 1402 1295 dixisti:
1424 1267 1515 1296 rerba

59 1309 150 1340 donis
163 1310 225 1340 sint
233 1309 343 1352 firma.

57 1352 248 1391 gravitatem
264 1352 341 1383 coezi.

387 1309 516 1349 Jupiter
529 1309 699 1339 annuerat:
722 1309 847 1346 uterque
860 1306 946 1346 polus
965 1307 1150 1337 contremuit
1166 1310 1256 1343 nutu,
1267 1310 1297 1337 et
1313 1307 1407 1338 Atlas
1420 1309 1515 1339 sensit

387 1352 446 1382 Est
462 1351 563 1386 locun
588 1353 702 1381 veteres
715 1350 942 1388 appellaverunt
961 1349 1114 1389 Capream
1130 1349 1285 1389 paludem.
1330 1349 1439 1388 Forte,
1457 1351 1517 1380 Ru-

60 1394 153 1436 mule,
169 1397 203 1426 tu
209 1394 265 1434 jus
277 1394 400 1426 dicebas
413 1394 479 1425 illic
493 1394 566 1425 tuis.
612 1392 668 1424 Sol
686 1390 761 1422 subd
765 1391 835 1421 uxit
847 1400 890 1431 se,
904 1394 935 1422 et
950 1391 1044 1423 nubes
1057 1394 1170 1422 com-tae
1185 1391 1373 1423 abscondunt
1387 1394 1491 1424 coelum
1506 1405 1516 1430 ;

669 1473 906 1485 ceeaeaeeeeoeoo

61 1530 124 1561 ⁴85
148 1528 227 1560 Pac.
245 1533 281 1561 et
297 1533 443 1571 quatuor
459 1528 516 1560 alii
532 1528 634 1560 Reda.
648 1530 754 1568 pater,
781 1531 847 1559 nat.
870 1527 953 1559 Mox
969 1527 1052 1560 Jun.
1068 1527 1167 1559 Voss.
1193 1531 1229 1559 et
1245 1528 1330 1559 alius
1345 1527 1455 1559 intere.
1471 1530 1516 1559 al-

63 1572 305 1608 tum5'1'l1nan.
333 1573 503 1604 illa—48⁷
528 1570 596 1602 Alii
623 1571 668 1610 in,
692 1571 746 1601 vel
775 1572 815 1601 ad
839 1571 942 1601 sidera
965 1571 1138 1602 emh—490
1162 1570 1268 1601 Sensit
1294 1580 1336 1601 ex
1352 1579 1413 1602 sex
1430 1576 1516 1602 vett.

63 1613 183 1646 Heius.
197 1614 310 1654 placet
327 1623 396 1653 prae
413 1615 505 1654 vulg.
518 1614 612 1644 movit
627 1623 636 1648 ,·
660 1612 755 1642 multi
775 1612 830 1642 alii
846 1613 1047 1643 notin—491
1075 1612 1143 1643 Alii
1166 1613 1294 1652 Capreae
1312 1613 1365 1643 vel
1391 1612 1515 1652 Caprae.

63 1655 148 1688 Tum
159 1654 290 1688 Arund.
302 1657 371 1688 dix.
381 1657 629 1697 paludem-492
644 1655 734 1686 Maz.
747 1654 877 1685 zulich.
890 1654 1029 1686 etVoss.
1041 1654 1118 1686 eir-is
1129 1664 1190 1696 pro
1203 1654 1383 1686 mise—49³
1394 1655 1516 1687 Heius.

715 1751 747 1783 N
754 1751 860 1783 OTAE

106 1825 169 1854 ⁴84
181 1821 366 1864 Sanguinis]
383 1823 437 1854 De
450 1821 596 1853 Romulo
605 1819 765 1861 loquitur,

65 1881 164 1913 quem
189 1873 311 1903 Martis
336 1872 439 1903 filium
466 1875 609 1912 propter
630 1869 763 1900 laudem

65 1921 220 1953 bellicam
235 1920 405 1953 fecerunt.

107 1971 180 2002 Non
195 1971 281 2012 eget]
323 1971 414 2004 Quia
430 1980 492 2012 per
515 1979 550 2001 se
566 1970 639 2010 jam
656 1968 764 2000 Roma

62 2024 198 2061 potens.

105 2072 168 2102 485
193 2070 315 2112 Redde]
346 2070 462 2112 Atque
489 2070 575 2102 adeo
600 2070 685 2101 coelo
711 2079 763 2101 re·

65 2129 166 2162 pone,
180 2120 322 2162 Diisque
335 2130 533 2153 annumera.

107 2171 288 2212 Inter-cidit]
339 2171 420 2211 Qui,
444 2181 540 2202 novae
564 2170 664 2202 Urbis
683 2170 764 2212 quia

64 2220 154 2253 saltu
169 2221 293 2253 vanum
312 2222 482 2262 irrisisset,
496 2221 612 2253 fratris
629 2221 763 2253 Romuli

59 2270 156 2312 jussu
172 2271 251 2312 quin
265 2272 399 2303 occisus
415 2272 460 2303 sit
475 2272 532 2302 vix
548 2271 698 2304 dubium.

106 2323 168 2352 487
187 2321 225 2353 In
239 2322 367 2363 coerula]
384 2322 436 2354 Ex
450 2322 551 2353 Ennii
564 2320 765 2361 Annalibus,

64 2369 108 2404 de
141 2372 282 2404 Romulo
318 2373 351 2404 in
396 2374 549 2404 Deorum
588 2381 764 2403 numerum

65 2421 276 2461 ascribendo,
309 2423 467 2454 haustum
502 2422 592 2454 istud
617 2426 766 2454 testatur

64 2469 232 2504 illustriss.
248 2473 425 2514 Neapolis.

108 2523 171 2553 488
205 2521 306 2564 Rata]
356 2523 478 2556 Firma.
532 2523 585 2554 Re
613 2531 766 2562 compro·

67 2567 203 2603 bealm-

111 2621 174 2651 ⁴⁰⁰
210 2621 319 2664 Polus]
363 2623 477 2656 Ficton
503 2623 578 2655 coeli
595 2622 765 2661 cardines,

71 2675 131 2699 een
162 2671 257 2709 polo·
302 2673 623 2714 Septemtrionalem
660 2678 766 2714 atquc

72 2716 341 2760 ueridica-lem,
351 2731 414 2762 pro
423 2723 509 2755 eoelo
521 2723 596 2764 ipso
608 2722 766 2764 ponijam

71 2765 196 2808 sepius
212 2765 351 2800 dictum.

158 2819 271 2861 Detph.
286 2825 315 2852 et
336 2821 410 2854 Ver.
426 2824 510 2855 Clu.

747 2826 839 2856 ovid.

860 1820 971 1862 Atlas]
1017 1821 1128 1854 Quem
1153 1820 1371 1853 Mauritaniae
1402 1830 1516 1862 regem

817 1871 938 1901 coelum
956 1871 1145 1903 cervicibus
1156 1872 1322 1903 sustinere
1334 1880 1399 1903 non
1413 1872 1518 1903 semel

819 1921 1017 1961 repetitum.

858 1972 920 2001 491
940 1970 1105 2011 Capream]
1132 1970 1292 2002 Fuithaec
1307 1971 1403 2012 palus
1415 1974 1518 2013 paulo

815 2025 913 2052 extra
928 2020 1055 2052 Urbem
1072 2031 1165 2052 mare
1180 2031 1313 2052 versus.

858 2072 923 2102 492
943 2071 1042 2112 dura]
1081 2071 1148 2102 Suo
1173 2070 1272 2103 modo
1302 2071 1434 2112 credas,
1456 2082 1518 2114 per

816 2119 884 2151 vim
899 2119 1017 2161 magis,
1031 2130 1130 2162 quarn
1146 2125 1184 2152 ut
1199 2131 1343 2163 quaeque
1361 2131 1415 2153 res
1430 2128 1518 2155 erat.

818 2170 976 2212 Namque
991 2175 1027 2203 et
1037 2171 1080 2203 ob
1097 2172 1250 2212 asperius
1263 2172 1433 2213 ingenium
1449 2173 1518 2204 ‹lis-

817 2226 974 2263 cerptum
990 2232 1009 2254 a
1023 2223 1150 2254 Senatu
1166 2223 1268 2263 vulgo
1291 2228 1434 2264 putant:
1461 2233 1519 2255 ne-

817 2283 882 2315 que
898 2273 1078 2306 dubitandi
1094 2284 1227 2306 causam
1242 2274 1352 2306 liabeo
1368 2284 1520 2316 gravem,

816 2327 999 2365 utcumque
1026 2324 1162 2356 turbine
1194 2324 1374 2366 abreptum
1404 2325 1519 2356 tradat

818 2373 944 2405 Livius.

857 2426 920 2454 403
944 2423 1014 2464 Sol]
1059 2423 1160 2456 Hanc
1185 2424 1273 2456 Solis
1298 2423 1451 2465 eclipsim
1474 2424 1516 2455 ad

818 2472 906 2504 diem
917 2475 969 2504 26.
982 2472 1066 2504 Maii
1082 2474 1159 2504 anni
1173 2478 1252 2504 ante
1267 2473 1305 2505 C.
1318 2478 1432 2505 natum
1443 2476 1519 2505 ⁷13.

819 2523 946 2554 tabulae
958 2522 1204 2554 Astronomicae
1219 2521 1387 2554 referunt:
1401 2524 1517 2563 vulgo·

819 2582 884 2614 que
899 2572 1067 2604 creditum
1084 2574 1264 2605 Romulum
1281 2578 1318 2605 et
1334 2582 1394 2614 per
1406 2573 1518 2604 desec-

821 2629 891 2654 tum
907 2624 1059 2656 solarem
1073 2629 1291 2665 conceptum,
1310 2628 1344 2654 et
1361 2632 1423 2663 per
1437 2631 1516 2652 eun-

819 2673 896 2705 dem
912 2674 1092 2707 sublatum.
1135 2675 1334 2715 Quanquam
1345 2671 1387 2702 de
1403 2670 1517 2711 priore

820 2723 898 2754 nihil
915 2724 1013 2756 certi.

867 2773 1052 2814 Romen]
1069 2772 1164 2806 Dicit
1186 2769 1275 2802 istud
1288 2768 1366 2811 quia
1376 2768 1516 2801 obnubi-

1356 2825 1378 2852 ο
1403 2821 1430 2852 Ε
