1773 3121
575 226 837 257 FASTORUM
871 226 966 257 Lm.
998 227 1064 259 v1.

92 318 205 362 Ante
224 321 350 362 socos
368 321 475 363 olim
494 321 634 374 longis
654 321 881 362 considere
901 324 1089 364 scamnis

1428 217 1542 260 2155

1456 321 1542 363 305

148 388 254 429 Mos
276 395 369 430 erat
384 378 467 441 ;,2e't
484 401 647 430 mensae
670 388 845 429 credere
866 389 1021 431 adesse
1043 391 1177 432 Deos.

92 453 222 496 Nunc
245 441 436 510 quoqne,
460 468 559 496 cum
581 455 691 496 fiunt
711 456 908 509 antiquae
930 469 1056 498 saera
1075 457 1291 508 Vacunae,

147 521 263 563 Ante
285 523 540 564 Vacunales
561 528 764 578 stantque
784 523 1018 576 sedentque
1038 524 1177 566 focos.

91 587 226 630 Venit
246 590 290 629 in
309 591 387 631 hos
407 603 547 631 annos
569 591 738 645 aliquid
759 591 814 631 de
836 603 955 631 more
977 595 1172 632 vetusto:

148 655 251 698 Fert
269 659 430 699 missos
449 658 596 700 Vestae
616 671 723 713 pura
744 658 914 711 patella
934 657 1073 698 cibos.

1456 655 1541 696 310

87 721 220 773 Ecce,
243 725 458 765 coronatis
477 726 604 779 panis
625 725 836 779 dependet
856 724 1002 765 asellis
1019 737 1031 775 ;

145 789 202 830 Et
222 791 367 832 velant
387 793 570 834 scabras
589 792 743 834 florida
762 797 880 832 serta
900 791 1059 832 molas.

89 855 195 899 Sola
213 858 340 911 prius
360 858 502 900 furnis
521 860 738 900 torrebant
758 858 873 899 farra
893 859 1035 900 coloni
1053 872 1064 910 ;

144 924 204 966 Et
226 925 457 968 Fornacali
475 931 576 968 sunt
598 939 681 967 sua
699 939 824 968 sacra
846 926 972 967 Deae.

78 1057 147 1094 fuit
177 1059 327 1098 quondam
349 1060 452 1090 sedere
476 1063 548 1090 ante
566 1059 654 1096 socos
680 1061 711 1091 in
737 1060 836 1099 longis
857 1059 998 1098 scamnis,
1021 1063 1050 1091 et
1069 1059 1192 1090 credere
1207 1058 1290 1090 Deos
1302 1059 1405 1089 adesse
1420 1067 1542 1090 mensoe.

88 1100 180 1131 Nunc
190 1101 285 1132 etiam
300 1112 369 1132 cum
389 1112 476 1132 mera
488 1102 599 1142 priscae
622 1103 753 1133 Vacuna’
772 1102 973 1140 celebrantur,
987 1105 1071 1132 etant
1084 1105 1174 1141 atque
1188 1102 1292 1131 sedent
1306 1104 1378 1131 ante
1391 1111 1462 1131 aras
1482 1101 1543 1131 Va·

85 1143 215 1174 canales.
258 1144 388 1184 Aliquid
411 1146 448 1175 de
475 1154 557 1175 more
582 1146 709 1184 antiquo
729 1145 877 1175 transivit
901 1144 933 1174 in
956 1145 1033 1174 hanc
1047 1147 1193 1174 aetatem:
1214 1142 1329 1182 patella
1345 1143 1445 1173 nitida
1460 1146 1544 1173 tenet

84 1186 177 1226 dapes
191 1185 300 1217 missas
321 1187 430 1217 Vestoe.
478 1187 557 1218 Ecce
578 1187 669 1226 panis
689 1188 838 1226 dependet
853 1186 950 1216 asinis
971 1185 1146 1219 σαι-σηπίη
1168 1188 1196 1214 et
1212 1188 1295 1214 serta
1301 1185 1421 1224 florida
1434 1188 1542 1223 tegunt

84 1236 207 1268 asperas
232 1230 335 1260 molas.
378 1228 536 1267 Agricvlae
564 1229 638 1259 olim
666 1228 824 1258 torrebant
845 1227 954 1265 furnis
973 1227 1141 1265 solasarra
1153 1237 1164 1262 ;
1184 1230 1277 1266 atque
1299 1229 1370 1256 sant
1384 1236 1441 1257 sua
1457 1236 1545 1257 sacra

698 1332 933 1345 eeeeeeeeeeee

84 1396 235 1428 nonnulli
248 1396 319 1427 inde
332 1397 484 1435 precando
510 1396 590 1431 Quoe
599 1395 711 1433 samur
737 1395 850 1426 Vesea:
875 1395 931 1426 alii
959 1396 1072 1436 plures
1086 1397 1166 1426 unde
1179 1398 1331 1436 precando
1350 1391 1545 1434 Quaesamur

86 1443 187 1470 vestra
212 1442 268 1476 est,
292 1439 346 1468 vel
376 1438 519 1469 Vestam:
555 1448 639 1469 unns
668 1437 851 1472 Quoeramus
879 1438 1001 1469 Vestam
1015 1449 1026 1474 ,·
1049 1439 1133 1468 alius
1153 1439 1358 1474 Quaramur:
1383 1444 1450 1469 tres
1465 1441 1545 1472 unde

81 1482 236 1522 precando
266 1480 412 1522 Affamur
441 1481 574 1512 Vestam.
602 1481 719 1511 Heius.
746 1479 960 1511 scribendum
979 1486 1078 1520 putat
1104 1481 1176 1512 inde
1190 1482 1340 1520 precando
1368 1481 1545 1520 Proefamur

90 1524 212 1556 Vestam
226 1534 236 1560 ,·
259 1525 313 1554 vel
330 1524 401 1554 inae
414 1533 577 1563 precamur
594 1523 732 1560 Proesati
759 1523 879 1554 Vestam
893 1534 904 1559 ‚·
929 1533 1003 1553 nam
1030 1524 1062 1554 in
1085 1524 1235 1562 plurimis
1252 1529 1336 1554 vett.
1354 1530 1427 1555 erat
1440 1534 1545 1564 preca-

83 1576 166 1598 mur.
191 1566 370 1607 Neapolis,
387 1575 462 1596 cum
477 1566 634 1605 vulgatis,
651 1566 698 1597 sic
715 1565 813 1605 legit,
828 1566 896 1596 inde
912 1567 1064 1605 precando
1080 1566 1235 1602 Dicimus,
1251 1577 1268 1596 ο
1289 1566 1403 1597 Vesta.-
1427 1567 1546 1599 Burm-

84 1609 174 1650 conj.
190 1609 444 1650 inquepncando
463 1608 610 1649 Affamur
633 1609 765 1639 Vestam.
814 1607 970 1648 Denique
996 1609 1050 1639 Fr.
1076 1611 1155 1639 unde
1168 1619 1330 1649 precamur
1347 1608 1546 1647 Quoesamur

91 1651 185 1682 Venta
200 1656 259 1691 est,
275 1660 343 1691 quae
365 1653 386 1682 l.
402 1662 434 1691 p.
449 1654 651 1683 tenen—305
678 1652 733 1682 Fr.
750 1650 1030 1690 scmnnio...10ngis‚
1045 1652 1162 1682 ordine
1179 1654 1425 1682 mutato.--307
1452 1652 1493 1682 P.
1511 1657 1547 1683 et

84 1694 250 1734 Excerpt.
274 1695 319 1725 D.
343 1694 500 1729 lacum,-
536 1700 570 1725 et
602 1704 648 1725 vs.
676 1704 746 1734 seq.
770 1694 960 1724 Lacunam.-
995 1694 1050 1724 ubi
1078 1695 1157 1725 Jun.
1185 1694 1288 1725 habet
1325 1694 1546 1726 Vacunales.—

85 1739 149 1768 309
173 1737 460 1777 Aliquid...vecmeo
479 1737 562 1767 Cod.
588 1737 750 1776 Neapolis
778 1736 943 1774 exltibet;
977 1736 1110 1777 Gryplt.
1138 1736 1246 1767 edidit
1270 1737 1547 1777 atiquo...tetu⁸to:

84 1779 192 1811 ceteri
216 1788 292 1810 cutn
321 1780 408 1819 vulg.
435 1779 830 1818 aliquo...tetusta.t.—310
856 1779 931 1809 Duo
958 1778 1034 1809 libri
1055 1779 1117 1809 Fer
1129 1779 1233 1816 jussos
1263 1780 1298 1810 V.
1334 1780 1421 1810 'l‘um
1450 1779 1545 1811 Med.

82 1831 180 1862 parva
194 1822 300 1862 patell.
317 1826 353 1852 et
372 1828 439 1852 tres
457 1822 497 1853 V.
513 1832 607 1852 curra
620 1834 629 1852 .·
654 1821 771 1852 Heius.
788 1821 880 1861 conj.
905 1824 1113 1852 curta—312
1136 1822 1218 1852 Trea
1236 1822 1311 1852 libri
1327 1822 1423 1853 κιών.
1442 1822 1546 1863 florea

83 1867 158 1896 sert.
175 1869 212 1896 et
227 1873 311 1895 unua
327 1865 440 1895 mollia.
463 1865 545 1895 Tres
559 1864 680 1905 florida
697 1863 794 1902 sarra
815 1865 886 1895 nwl.
903 1869 939 1895 et
963 1869 1107 1905 quatuor
1121 1867 1197 1896 sert.
1213 1867 1432 1895 comam—314
1458 1864 1511 1896 Fr.
1527 1872 1547 1894 a

746 1962 889 1994 NOTAE

126 2039 190 2069 304
220 2037 355 2077 Vestam,
384 2039 476 2080 Quoe]
501 2039 710 2079 Discrepant
735 2038 789 2069 hic

84 2088 227 2120 multum
240 2088 386 2120 codices.
419 2089 544 2119 Sensus
562 2095 702 2129 apertus
718 2094 787 2120 est:

85 2137 245 2170 mendum
264 2143 376 2169 tamen
388 2138 478 2180 quod
490 2139 596 2169 lateat
608 2138 708 2169 facile
724 2149 789 2170 non

85 2191 141 2220 eat
155 2187 284 2220 dicere.
315 2188 476 2220 Ceterum
494 2188 681 2220 notandum
702 2189 790 2230 qnod

86 2244 123 2272 et
152 2239 290 2272 Servius
317 2239 431 2279 docet,
454 2241 543 2271 sicut
566 2240 659 2277 Jani,
688 2240 735 2270 ita
755 2245 792 2270 et

86 2289 218 2328 Vestae,
239 2290 395 2322 omnibus
418 2289 589 2320 sacrificiis
606 2299 726 2320 nomen
744 2289 792 2320 in-

88 2340 215 2371 vocari.

129 2394 193 2422 806
216 2390 347 2431 Adesse]
381 2392 568 2431 Propterea
595 2392 684 2431 qnod
713 2394 792 2421 ante

87 2439 183 2472 focos
208 2440 441 2478 considerent,
471 2441 527 2471 ubi
554 2441 660 2471 Vesta
690 2445 792 2481 atque

87 2491 251 2523 Penates.

131 2543 194 2573 808
223 2542 370 2580 Vacunoej
407 2543 483 2572 Dea
500 2551 575 2582 quae
593 2540 791 2572 vacantibus

89 2598 262 2633 praeerat3
287 2594 410 2633 cuique
427 2593 513 2624 adeo
537 2594 569 2623 in
593 2594 718 2633 templo
743 2593 792 2624 illi

89 2642 204 2673 dicato
242 2642 401 2677 agricolu-
441 2653 459 2672 a
497 2643 669 2673 taboribm
707 2643 792 2673 turia

87 2697 259 2724 cenantes
274 2701 334 2731 per
345 2692 499 2731 hyemem
513 2698 590 2724 vota
602 2694 791 2724 solvebant.

88 2744 172 2774 Eam
210 2741 318 2773 Varro
356 2741 545 2773 Minervam
583 2752 656 2773 enac
690 2743 790 2781 dixit,

90 2793 180 2836 qnod
212 2802 252 2825 ca
282 2792 425 2825 maxime
456 2793 489 2824 hi
531 2792 703 2834 gaudeant
734 2793 790 2834 qui

844 2039 1023 2079 sapientiae
1041 2044 1176 2070 vacant.
1222 2038 1290 2069 Alii
1317 2038 1464 2069 Dianam
1487 2042 1547 2069 aut

846 2090 1007 2121 Cererem
1024 2089 1214 2120 credidere.

888 2142 952 2170 309
967 2139 1108 2179 Vetusto]
1122 2139 1173 2169 De
1186 2139 1294 2179 quoin
1305 2136 1524 2178 sequentibus
1538 2147 1545 2167 :

846 2199 956 2231 neque
993 2190 1034 2220 ad
1068 2188 1301 2230 pra-cedentia
1339 2187 1476 2224 referes,
1511 2191 1549 2217 ut

846 2240 965 2271 suadet
981 2241 1248 2272 Commentator.

889 2293 952 2321 sto
977 2289 1107 2329 Missos]
1153 2289 1181 2320 Α
1222 2289 1287 2329 piis
1318 2288 1448 2319 civibus
1482 2287 1547 2327 ipsi

847 2339 962 2371 Vesta:
977 2341 1100 2370 numini
1113 2339 1298 2370 litantibus.
1322 2339 1407 2369 Boni
1421 2338 1548 2378 quippe

847 2390 931 2420 civis
956 2389 1033 2428 fuit,
1063 2390 1215 2420 Varrone
1243 2394 1394 2426 auctore,
1419 2388 1549 2427 tegibus

848 2448 981 2480 parere,
996 2439 1088 2469 Deos
1099 2439 1225 2476 colere,
1237 2439 1268 2468 in
1286 2438 1444 2477 patellam
1456 2437 1549 2469 dare.

892 2488 995 2528 Pura]
1027 2489 1176 2523 Pnroeata
1194 2495 1226 2518 et
1247 2488 1396 2518 detersa.

891 2542 951 2570 311
982 2539 1074 2579 Ecce]
1102 2539 1142 2570 ln
1161 2539 1272 2569 Venta·
1290 2540 1448 2569 notiorem
1466 2537 1549 2567 asini

848 2590 1007 2621 molitorii
1040 2590 1101 2620 hoc
1133 2595 1284 2630 tempore
1316 2599 1333 2618 a
1367 2586 1550 2627 pistoribus

848 2644 1109 2671 coronabantur.

891 2694 953 2722 ³12
972 2691 1120 2729 Scabra-J
1145 2689 1214 2718 Sint
1240 2697 1319 2716 vcro
1336 2695 1476 2716 neccsse
1496 2691 1549 2717 cut

853 2741 895 2771 ad
919 2739 1162 2770 conterendum
1182 2738 1339 2767 ttittcutn.

892 2792 956 2821 314
981 2786 1164 2826 Fornacali]
1194 2787 1248 2817 De
1259 2795 1298 2817 ca
1311 2786 1344 2816 in
1356 2784 1549 2827 praecedeu-
