<?xml version="1.0" encoding="UTF-8"?>
<!DOCTYPE html PUBLIC "-//W3C//DTD XHTML 1.0 Transitional//EN"
    "http://www.w3.org/TR/xhtml1/DTD/xhtml1-transitional.dtd">
<html xmlns="http://www.w3.org/1999/xhtml" xml:lang="en" lang="en">
 <head>
  <title>
</title>
<meta http-equiv="Content-Type" content="text/html;charset=utf-8" />
  <meta name='ocr-system' content='tesseract 3.04.00' />
  <meta name='ocr-capabilities' content='ocr_page ocr_carea ocr_par ocr_line ocrx_word'/>
</head>
<body>
  <div class='ocr_page' id='page_1' title='image "./operaomniaexedit04oviduoft_0118.png"; bbox 0 0 1773 3121; ppageno 0'>
   <div class='ocr_carea' id='block_1_1' title="bbox 212 206 1182 249">
    <p class='ocr_par' dir='ltr' id='par_1_1' title="bbox 212 206 1182 249">
     <span class='ocr_line' id='line_1_1' title="bbox 212 206 1182 249; baseline -0.001 0"><span class='ocrx_word' id='word_1_1' title='bbox 212 206 326 249; x_wconf 86' lang='grc'><strong>1736</strong></span> <span class='ocrx_word' id='word_1_2' title='bbox 703 219 746 249; x_wconf 86' lang='lat' dir='ltr'>P.</span> <span class='ocrx_word' id='word_1_3' title='bbox 778 218 936 249; x_wconf 79' lang='lat' dir='ltr'>ovum</span> <span class='ocrx_word' id='word_1_4' title='bbox 969 217 1128 249; x_wconf 72' lang='lat' dir='ltr'>NAsou</span> <span class='ocrx_word' id='word_1_5' title='bbox 1139 217 1182 248; x_wconf 78' lang='lat' dir='ltr'>is</span> 
     </span>
    </p>
   </div>
   <div class='ocr_carea' id='block_1_2' title="bbox 213 314 1669 770">
    <p class='ocr_par' dir='ltr' id='par_1_2' title="bbox 213 314 1215 368">
     <span class='ocr_line' id='line_1_2' title="bbox 213 314 1215 368; baseline -0.001 -13"><span class='ocrx_word' id='word_1_6' title='bbox 213 314 353 356; x_wconf 85' lang='lat' dir='ltr'><strong>Antra</strong></span> <span class='ocrx_word' id='word_1_7' title='bbox 374 314 669 368; x_wconf 80' lang='lat' dir='ltr'>relinquentur</span> <span class='ocrx_word' id='word_1_8' title='bbox 690 315 851 356; x_wconf 89' lang='lat' dir='ltr'>sedatis</span> <span class='ocrx_word' id='word_1_9' title='bbox 871 314 1031 367; x_wconf 87' lang='lat' dir='ltr'>frigida</span> <span class='ocrx_word' id='word_1_10' title='bbox 1049 314 1188 355; x_wconf 88' lang='lat' dir='ltr'>ventis</span> <span class='ocrx_word' id='word_1_11' title='bbox 1205 327 1215 354; x_wconf 78' lang='lat' dir='ltr'>t</span> 
     </span>
    </p>

    <p class='ocr_par' dir='ltr' id='par_1_3' title="bbox 214 377 1666 500">
     <span class='ocr_line' id='line_1_3' title="bbox 216 377 1666 434; baseline -0.002 -13"><span class='ocrx_word' id='word_1_12' title='bbox 216 380 320 422; x_wconf 89' lang='lat' dir='ltr'>Sive</span> <span class='ocrx_word' id='word_1_13' title='bbox 343 381 593 422; x_wconf 74' lang='lat' dir='ltr'>bitumineae</span> <span class='ocrx_word' id='word_1_14' title='bbox 616 382 791 434; x_wconf 90' lang='lat' dir='ltr'>rapiunt</span> <span class='ocrx_word' id='word_1_15' title='bbox 809 381 1009 423; x_wconf 86' lang='lat' dir='ltr'>incendia</span> <span class='ocrx_word' id='word_1_16' title='bbox 1028 382 1155 430; x_wconf 88' lang='lat' dir='ltr'>vires,</span> <span class='ocrx_word' id='word_1_17' title='bbox 1581 377 1666 418; x_wconf 87' lang='grc'>350</span> 
     </span>
     <span class='ocr_line' id='line_1_4' title="bbox 214 448 1180 500; baseline -0.002 -10"><span class='ocrx_word' id='word_1_18' title='bbox 214 448 409 490; x_wconf 85' lang='lat' dir='ltr'>Luteave</span> <span class='ocrx_word' id='word_1_19' title='bbox 430 449 601 500; x_wconf 80' lang='lat' dir='ltr'>exiguis</span> <span class='ocrx_word' id='word_1_20' title='bbox 623 455 826 490; x_wconf 87' lang='lat' dir='ltr'>arescunt</span> <span class='ocrx_word' id='word_1_21' title='bbox 846 450 1013 490; x_wconf 84' lang='lat' dir='ltr'>sulfura</span> <span class='ocrx_word' id='word_1_22' title='bbox 1033 449 1180 488; x_wconf 85' lang='lat' dir='ltr'>fumis.</span> 
     </span>
    </p>

    <p class='ocr_par' dir='ltr' id='par_1_4' title="bbox 215 513 1482 568">
     <span class='ocr_line' id='line_1_5' title="bbox 215 513 1482 568; baseline -0.002 -12"><span class='ocrx_word' id='word_1_23' title='bbox 215 514 389 568; x_wconf 89' lang='lat' dir='ltr'>Nempe</span> <span class='ocrx_word' id='word_1_24' title='bbox 408 516 481 554; x_wconf 89' lang='lat' dir='ltr'>ubi</span> <span class='ocrx_word' id='word_1_25' title='bbox 504 521 613 556; x_wconf 84' lang='lat' dir='ltr'>terra</span> <span class='ocrx_word' id='word_1_26' title='bbox 633 516 759 557; x_wconf 88' lang='lat' dir='ltr'>cibos</span> <span class='ocrx_word' id='word_1_27' title='bbox 781 517 1073 568; x_wconf 81' lang='lat' dir='ltr'>alimentaque</span> <span class='ocrx_word' id='word_1_28' title='bbox 1092 515 1273 567; x_wconf 83' lang='lat' dir='ltr'>pinguia</span> <span class='ocrx_word' id='word_1_29' title='bbox 1292 513 1482 554; x_wconf 82' lang='lat' dir='ltr'>flammae</span> 
     </span>
    </p>

    <p class='ocr_par' dir='ltr' id='par_1_5' title="bbox 216 581 1360 636">
     <span class='ocr_line' id='line_1_6' title="bbox 216 581 1360 636; baseline -0.002 -13"><span class='ocrx_word' id='word_1_30' title='bbox 216 581 319 623; x_wconf 90' lang='lat' dir='ltr'>Non</span> <span class='ocrx_word' id='word_1_31' title='bbox 336 581 470 631; x_wconf 89' lang='lat' dir='ltr'>dabit,</span> <span class='ocrx_word' id='word_1_32' title='bbox 491 583 702 624; x_wconf 89' lang='lat' dir='ltr'>absumtis</span> <span class='ocrx_word' id='word_1_33' title='bbox 724 597 800 636; x_wconf 87' lang='lat' dir='ltr'>per</span> <span class='ocrx_word' id='word_1_34' title='bbox 820 583 994 635; x_wconf 85' lang='lat' dir='ltr'>longum</span> <span class='ocrx_word' id='word_1_35' title='bbox 1014 582 1181 622; x_wconf 85' lang='lat' dir='ltr'>viribus</span> <span class='ocrx_word' id='word_1_36' title='bbox 1203 595 1360 631; x_wconf 88' lang='lat' dir='ltr'>aevum,</span> 
     </span>
    </p>

    <p class='ocr_par' dir='ltr' id='par_1_6' title="bbox 217 648 1194 703">
     <span class='ocr_line' id='line_1_7' title="bbox 217 648 1194 703; baseline 0 -14"><span class='ocrx_word' id='word_1_37' title='bbox 217 648 493 703; x_wconf 87' lang='lat' dir='ltr'>Naturaeque</span> <span class='ocrx_word' id='word_1_38' title='bbox 514 663 638 690; x_wconf 87' lang='lat' dir='ltr'>suum</span> <span class='ocrx_word' id='word_1_39' title='bbox 657 652 868 691; x_wconf 89' lang='lat' dir='ltr'>nutrimen</span> <span class='ocrx_word' id='word_1_40' title='bbox 885 650 1021 690; x_wconf 89' lang='lat' dir='ltr'>deerit</span> <span class='ocrx_word' id='word_1_41' title='bbox 1041 649 1166 689; x_wconf 87' lang='lat' dir='ltr'>edaci</span> <span class='ocrx_word' id='word_1_42' title='bbox 1183 662 1194 700; x_wconf 82' lang='lat'>3</span> 
     </span>
    </p>

    <p class='ocr_par' dir='ltr' id='par_1_7' title="bbox 215 713 1669 770">
     <span class='ocr_line' id='line_1_8' title="bbox 215 713 1669 770; baseline -0.002 -13"><span class='ocrx_word' id='word_1_43' title='bbox 215 715 322 757; x_wconf 89' lang='lat' dir='ltr'>Non</span> <span class='ocrx_word' id='word_1_44' title='bbox 341 716 447 758; x_wconf 87' lang='lat' dir='ltr'>feret</span> <span class='ocrx_word' id='word_1_45' title='bbox 465 717 542 758; x_wconf 91' lang='lat' dir='ltr'>illa</span> <span class='ocrx_word' id='word_1_46' title='bbox 560 717 716 758; x_wconf 89' lang='lat' dir='ltr'>famem</span> <span class='ocrx_word' id='word_1_47' title='bbox 733 731 742 758; x_wconf 90' lang='lat'>:</span> <span class='ocrx_word' id='word_1_48' title='bbox 774 718 1036 770; x_wconf 82' lang='lat' dir='ltr'>desertaque</span> <span class='ocrx_word' id='word_1_49' title='bbox 1058 715 1226 756; x_wconf 87' lang='lat' dir='ltr'>deseret</span> <span class='ocrx_word' id='word_1_50' title='bbox 1246 715 1381 768; x_wconf 84' lang='lat' dir='ltr'>ignes.</span> <span class='ocrx_word' id='word_1_51' title='bbox 1581 713 1669 754; x_wconf 87' lang='lat'>355</span> 
     </span>
    </p>
   </div>
   <div class='ocr_carea' id='block_1_3' title="bbox 218 900 1670 1037">
    <p class='ocr_par' dir='ltr' id='par_1_8' title="bbox 218 900 1670 1037">
     <span class='ocr_line' id='line_1_9' title="bbox 218 900 1670 980; baseline -0.002 -12"><span class='ocrx_word' id='word_1_52' title='bbox 218 900 563 970; x_wconf 48' lang='lat' dir='ltr'><strong>FABJXXVI.</strong></span> <span class='ocrx_word' id='word_1_53' title='bbox 636 929 691 969; x_wconf 93' lang='lat' dir='ltr'>In</span> <span class='ocrx_word' id='word_1_54' title='bbox 723 929 912 980; x_wconf 80' lang='lat' dir='ltr'>Pallene,</span> <span class='ocrx_word' id='word_1_55' title='bbox 943 929 1050 969; x_wconf 88' lang='lat' dir='ltr'>urbe</span> <span class='ocrx_word' id='word_1_56' title='bbox 1079 928 1345 969; x_wconf 85' lang='lat' dir='ltr'>Tritoniacae</span> <span class='ocrx_word' id='word_1_57' title='bbox 1377 925 1568 980; x_wconf 86' lang='lat' dir='ltr'>paludis,</span> <span class='ocrx_word' id='word_1_58' title='bbox 1604 930 1670 966; x_wconf 86' lang='lat' dir='ltr'>at-</span> 
     </span>
     <span class='ocr_line' id='line_1_10' title="bbox 491 994 1384 1037; baseline -0.003 0"><span class='ocrx_word' id='word_1_59' title='bbox 491 1000 614 1037; x_wconf 82' lang='lat' dir='ltr'>tactu</span> <span class='ocrx_word' id='word_1_60' title='bbox 636 1000 854 1037; x_wconf 86' lang='lat' dir='ltr'>vertuntur</span> <span class='ocrx_word' id='word_1_61' title='bbox 872 996 1068 1037; x_wconf 88' lang='lat' dir='ltr'>homines</span> <span class='ocrx_word' id='word_1_62' title='bbox 1087 995 1133 1035; x_wconf 87' lang='lat' dir='ltr'>in</span> <span class='ocrx_word' id='word_1_63' title='bbox 1153 994 1384 1035; x_wconf 87' lang='lat' dir='ltr'>Volucres.</span> 
     </span>
    </p>
   </div>
   <div class='ocr_carea' id='block_1_4' title="bbox 216 1100 1673 1199">
    <p class='ocr_par' dir='ltr' id='par_1_9' title="bbox 216 1100 1673 1199">
     <span class='ocr_line' id='line_1_11' title="bbox 216 1100 1673 1147; baseline -0.003 -12"><span class='ocrx_word' id='word_1_64' title='bbox 216 1103 259 1135; x_wconf 78' lang='grc' dir='ltr'>ΙΝ</span> <span class='ocrx_word' id='word_1_65' title='bbox 277 1104 430 1145; x_wconf 86' lang='lat' dir='ltr'>Pallene,</span> <span class='ocrx_word' id='word_1_66' title='bbox 443 1116 518 1147; x_wconf 87' lang='lat' dir='ltr'>quae</span> <span class='ocrx_word' id='word_1_67' title='bbox 531 1107 590 1137; x_wconf 88' lang='lat' dir='ltr'>sub</span> <span class='ocrx_word' id='word_1_68' title='bbox 604 1106 772 1147; x_wconf 89' lang='lat' dir='ltr'>Aquilone</span> <span class='ocrx_word' id='word_1_69' title='bbox 778 1106 886 1146; x_wconf 86' lang='lat' dir='ltr'>jacet,</span> <span class='ocrx_word' id='word_1_70' title='bbox 897 1104 1046 1137; x_wconf 86' lang='lat' dir='ltr'>homines</span> <span class='ocrx_word' id='word_1_71' title='bbox 1060 1104 1220 1136; x_wconf 88' lang='lat' dir='ltr'>dicuntur</span> <span class='ocrx_word' id='word_1_72' title='bbox 1233 1104 1268 1135; x_wconf 90' lang='lat' dir='ltr'>in</span> <span class='ocrx_word' id='word_1_73' title='bbox 1278 1103 1434 1134; x_wconf 87' lang='lat' dir='ltr'>volucres</span> <span class='ocrx_word' id='word_1_74' title='bbox 1445 1101 1547 1143; x_wconf 85' lang='lat' dir='ltr'>verti,</span> <span class='ocrx_word' id='word_1_75' title='bbox 1558 1100 1673 1133; x_wconf 89' lang='lat' dir='ltr'>novies</span> 
     </span>
     <span class='ocr_line' id='line_1_12' title="bbox 259 1158 1012 1199; baseline -0.001 -10"><span class='ocrx_word' id='word_1_76' title='bbox 259 1167 335 1188; x_wconf 88' lang='lat' dir='ltr'>cum</span> <span class='ocrx_word' id='word_1_77' title='bbox 352 1158 384 1188; x_wconf 94' lang='lat' dir='ltr'>in</span> <span class='ocrx_word' id='word_1_78' title='bbox 398 1159 627 1189; x_wconf 83' lang='lat' dir='ltr'>Tritoniacam</span> <span class='ocrx_word' id='word_1_79' title='bbox 643 1158 803 1199; x_wconf 81' lang='lat' dir='ltr'>paludem</span> <span class='ocrx_word' id='word_1_80' title='bbox 816 1158 917 1189; x_wconf 86' lang='lat' dir='ltr'>mersi</span> <span class='ocrx_word' id='word_1_81' title='bbox 933 1158 1012 1189; x_wconf 87' lang='lat' dir='ltr'>sint.</span> 
     </span>
    </p>
   </div>
   <div class='ocr_carea' id='block_1_5' title="bbox 221 1241 1342 1445">
    <p class='ocr_par' dir='ltr' id='par_1_10' title="bbox 221 1241 1342 1445">
     <span class='ocr_line' id='line_1_13' title="bbox 221 1241 1342 1313; baseline 0.001 -16"><span class='ocrx_word' id='word_1_82' title='bbox 221 1241 366 1298; x_wconf 82' lang='lat' dir='ltr'>ESSE</span> <span class='ocrx_word' id='word_1_83' title='bbox 387 1258 505 1298; x_wconf 79' lang='lat' dir='ltr'>viros</span> <span class='ocrx_word' id='word_1_84' title='bbox 526 1258 645 1299; x_wconf 89' lang='lat' dir='ltr'>fama</span> <span class='ocrx_word' id='word_1_85' title='bbox 664 1263 733 1298; x_wconf 78' lang='lat' dir='ltr'>est</span> <span class='ocrx_word' id='word_1_86' title='bbox 750 1258 795 1298; x_wconf 89' lang='lat' dir='ltr'>in</span> <span class='ocrx_word' id='word_1_87' title='bbox 816 1257 1112 1313; x_wconf 83' lang='lat' dir='ltr'>Hyperborea</span> <span class='ocrx_word' id='word_1_88' title='bbox 1133 1257 1342 1299; x_wconf 84' lang='lat' dir='ltr'>Pallene:</span> 
     </span>
     <span class='ocr_line' id='line_1_14' title="bbox 223 1323 1265 1378; baseline 0.001 -14"><span class='ocrx_word' id='word_1_89' title='bbox 223 1323 312 1374; x_wconf 84' lang='lat' dir='ltr'>Qui</span> <span class='ocrx_word' id='word_1_90' title='bbox 334 1325 501 1365; x_wconf 89' lang='lat' dir='ltr'>soleant</span> <span class='ocrx_word' id='word_1_91' title='bbox 520 1325 691 1366; x_wconf 88' lang='lat' dir='ltr'>levibus</span> <span class='ocrx_word' id='word_1_92' title='bbox 711 1326 849 1366; x_wconf 85' lang='lat' dir='ltr'>velari</span> <span class='ocrx_word' id='word_1_93' title='bbox 872 1338 1059 1378; x_wconf 87' lang='lat' dir='ltr'>corpora</span> <span class='ocrx_word' id='word_1_94' title='bbox 1078 1325 1265 1378; x_wconf 86' lang='lat' dir='ltr'>plumis;</span> 
     </span>
     <span class='ocr_line' id='line_1_15' title="bbox 222 1390 1263 1445; baseline 0.001 -14"><span class='ocrx_word' id='word_1_95' title='bbox 222 1390 336 1431; x_wconf 89' lang='lat' dir='ltr'>Cum</span> <span class='ocrx_word' id='word_1_96' title='bbox 356 1391 654 1434; x_wconf 88' lang='lat' dir='ltr'>Tritoniacam</span> <span class='ocrx_word' id='word_1_97' title='bbox 673 1395 827 1434; x_wconf 87' lang='lat' dir='ltr'>novies</span> <span class='ocrx_word' id='word_1_98' title='bbox 844 1393 1018 1433; x_wconf 87' lang='lat' dir='ltr'>subiere</span> <span class='ocrx_word' id='word_1_99' title='bbox 1038 1392 1263 1445; x_wconf 89' lang='lat' dir='ltr'>paludem.</span> 
     </span>
    </p>
   </div>
   <div class='ocr_carea' id='block_1_6' title="bbox 217 1532 1677 1659">
    <p class='ocr_par' dir='ltr' id='par_1_11' title="bbox 217 1532 1677 1659">
     <span class='ocr_line' id='line_1_16' title="bbox 218 1532 1675 1575; baseline -0.002 -10"><span class='ocrx_word' id='word_1_100' title='bbox 218 1533 383 1574; x_wconf 82' lang='lat' dir='ltr'>conflictu;</span> <span class='ocrx_word' id='word_1_101' title='bbox 416 1543 554 1565; x_wconf 82' lang='lat' dir='ltr'>cavernae</span> <span class='ocrx_word' id='word_1_102' title='bbox 577 1536 784 1566; x_wconf 77' lang='lat' dir='ltr'>destituentur</span> <span class='ocrx_word' id='word_1_103' title='bbox 799 1535 934 1575; x_wconf 85' lang='lat' dir='ltr'>frigidoe</span> <span class='ocrx_word' id='word_1_104' title='bbox 957 1535 1059 1566; x_wconf 79' lang='lat' dir='ltr'>ventis</span> <span class='ocrx_word' id='word_1_105' title='bbox 1082 1534 1274 1574; x_wconf 78' lang='lat' dir='ltr'>compositis.-</span> <span class='ocrx_word' id='word_1_106' title='bbox 1307 1533 1371 1564; x_wconf 77' lang='lat' dir='ltr'>sive</span> <span class='ocrx_word' id='word_1_107' title='bbox 1395 1533 1477 1564; x_wconf 84' lang='lat' dir='ltr'>vires</span> <span class='ocrx_word' id='word_1_108' title='bbox 1501 1532 1675 1563; x_wconf 66' lang='lat' dir='ltr'>bituminea*</span> 
     </span>
     <span class='ocr_line' id='line_1_17' title="bbox 218 1576 1676 1618; baseline -0.001 -11"><span class='ocrx_word' id='word_1_109' title='bbox 218 1576 393 1615; x_wconf 82' lang='lat' dir='ltr'>concipiunt</span> <span class='ocrx_word' id='word_1_110' title='bbox 399 1576 574 1616; x_wconf 87' lang='lat' dir='ltr'>flammam,</span> <span class='ocrx_word' id='word_1_111' title='bbox 598 1579 645 1608; x_wconf 81' lang='lat' dir='ltr'>vel</span> <span class='ocrx_word' id='word_1_112' title='bbox 651 1578 742 1618; x_wconf 84' lang='lat' dir='ltr'>flava</span> <span class='ocrx_word' id='word_1_113' title='bbox 765 1577 885 1616; x_wconf 79' lang='lat' dir='ltr'>sulfura</span> <span class='ocrx_word' id='word_1_114' title='bbox 900 1578 1094 1608; x_wconf 72' lang='lat' dir='ltr'>exsiccantur</span> <span class='ocrx_word' id='word_1_115' title='bbox 1101 1576 1203 1614; x_wconf 87' lang='lat' dir='ltr'>fumis</span> <span class='ocrx_word' id='word_1_116' title='bbox 1218 1577 1343 1615; x_wconf 74' lang='lat' dir='ltr'>exiguis</span> <span class='ocrx_word' id='word_1_117' title='bbox 1351 1586 1362 1611; x_wconf 91' lang='grc'><strong><em>;</em></strong></span> <span class='ocrx_word' id='word_1_118' title='bbox 1383 1577 1501 1606; x_wconf 80' lang='lat' dir='ltr'>scilicet</span> <span class='ocrx_word' id='word_1_119' title='bbox 1514 1578 1676 1615; x_wconf 77' lang='lat' dir='ltr'>postquam</span> 
     </span>
     <span class='ocr_line' id='line_1_18' title="bbox 217 1618 1677 1659; baseline -0.001 -9"><span class='ocrx_word' id='word_1_120' title='bbox 217 1622 304 1650; x_wconf 83' lang='lat' dir='ltr'>terra</span> <span class='ocrx_word' id='word_1_121' title='bbox 319 1629 378 1649; x_wconf 79' lang='lat' dir='ltr'>uon</span> <span class='ocrx_word' id='word_1_122' title='bbox 391 1619 540 1658; x_wconf 74' lang='lat' dir='ltr'>praebebit</span> <span class='ocrx_word' id='word_1_123' title='bbox 554 1630 653 1650; x_wconf 87' lang='lat' dir='ltr'>escum</span> <span class='ocrx_word' id='word_1_124' title='bbox 676 1623 706 1650; x_wconf 88' lang='lat' dir='ltr'>et</span> <span class='ocrx_word' id='word_1_125' title='bbox 723 1620 865 1658; x_wconf 83' lang='lat' dir='ltr'>fomenta</span> <span class='ocrx_word' id='word_1_126' title='bbox 888 1621 1019 1659; x_wconf 79' lang='lat' dir='ltr'>pinguia</span> <span class='ocrx_word' id='word_1_127' title='bbox 1043 1620 1124 1659; x_wconf 81' lang='lat' dir='ltr'>igni,</span> <span class='ocrx_word' id='word_1_128' title='bbox 1149 1618 1267 1649; x_wconf 82' lang='lat' dir='ltr'>viribus</span> <span class='ocrx_word' id='word_1_129' title='bbox 1292 1618 1450 1649; x_wconf 76' lang='lat' dir='ltr'>exhaustis</span> <span class='ocrx_word' id='word_1_130' title='bbox 1471 1628 1526 1658; x_wconf 87' lang='lat' dir='ltr'>per</span> <span class='ocrx_word' id='word_1_131' title='bbox 1551 1618 1677 1656; x_wconf 80' lang='lat' dir='ltr'>longum</span> 
     </span>
    </p>
   </div>
   <div class='ocr_carea' id='block_1_7' title="bbox 219 1659 1676 1743">
    <p class='ocr_par' dir='ltr' id='par_1_12' title="bbox 219 1659 1676 1743">
     <span class='ocr_line' id='line_1_19' title="bbox 221 1659 1676 1702; baseline -0.003 -9"><span class='ocrx_word' id='word_1_132' title='bbox 221 1665 358 1701; x_wconf 80' lang='lat' dir='ltr'>tempus,·</span> <span class='ocrx_word' id='word_1_133' title='bbox 380 1666 472 1702; x_wconf 83' lang='lat' dir='ltr'>atque</span> <span class='ocrx_word' id='word_1_134' title='bbox 485 1672 573 1692; x_wconf 85' lang='lat' dir='ltr'>suum</span> <span class='ocrx_word' id='word_1_135' title='bbox 584 1663 764 1693; x_wconf 78' lang='lat' dir='ltr'>alimentum</span> <span class='ocrx_word' id='word_1_136' title='bbox 775 1664 921 1693; x_wconf 81' lang='lat' dir='ltr'>destituet</span> <span class='ocrx_word' id='word_1_137' title='bbox 934 1666 1078 1693; x_wconf 84' lang='lat' dir='ltr'>naturam</span> <span class='ocrx_word' id='word_1_138' title='bbox 1089 1671 1240 1702; x_wconf 80' lang='lat' dir='ltr'>voracem,</span> <span class='ocrx_word' id='word_1_139' title='bbox 1251 1661 1305 1692; x_wconf 79' lang='lat' dir='ltr'>illu</span> <span class='ocrx_word' id='word_1_140' title='bbox 1320 1671 1380 1692; x_wconf 83' lang='lat' dir='ltr'>non</span> <span class='ocrx_word' id='word_1_141' title='bbox 1394 1660 1536 1692; x_wconf 85' lang='lat' dir='ltr'>tolerabit</span> <span class='ocrx_word' id='word_1_142' title='bbox 1544 1659 1676 1698; x_wconf 86' lang='lat' dir='ltr'>famem,</span> 
     </span>
     <span class='ocr_line' id='line_1_20' title="bbox 219 1704 686 1743; baseline 0.002 -8"><span class='ocrx_word' id='word_1_143' title='bbox 219 1707 251 1735; x_wconf 85' lang='lat' dir='ltr'>et</span> <span class='ocrx_word' id='word_1_144' title='bbox 265 1704 414 1734; x_wconf 81' lang='lat' dir='ltr'>destituta</span> <span class='ocrx_word' id='word_1_145' title='bbox 429 1706 574 1735; x_wconf 74' lang='lat' dir='ltr'>destituet</span> <span class='ocrx_word' id='word_1_146' title='bbox 589 1705 686 1743; x_wconf 81' lang='lat' dir='ltr'>ignes.</span> 
     </span>
    </p>
   </div>
   <div class='ocr_carea' id='block_1_8' title="bbox 221 1745 1676 1830">
    <p class='ocr_par' dir='ltr' id='par_1_13' title="bbox 221 1745 1676 1830">
     <span class='ocr_line' id='line_1_21' title="bbox 265 1745 1676 1787; baseline -0.002 -10"><span class='ocrx_word' id='word_1_147' title='bbox 265 1755 365 1777; x_wconf 75' lang='lat' dir='ltr'>xxvi.</span> <span class='ocrx_word' id='word_1_148' title='bbox 390 1747 512 1777; x_wconf 79' lang='lat' dir='ltr'>Dicunt</span> <span class='ocrx_word' id='word_1_149' title='bbox 527 1757 591 1777; x_wconf 84' lang='lat' dir='ltr'>esse</span> <span class='ocrx_word' id='word_1_150' title='bbox 605 1747 742 1778; x_wconf 81' lang='lat' dir='ltr'>homines</span> <span class='ocrx_word' id='word_1_151' title='bbox 764 1747 796 1778; x_wconf 81' lang='lat' dir='ltr'>in</span> <span class='ocrx_word' id='word_1_152' title='bbox 815 1747 940 1778; x_wconf 80' lang='lat' dir='ltr'>Pallene</span> <span class='ocrx_word' id='word_1_153' title='bbox 952 1746 1148 1787; x_wconf 82' lang='lat' dir='ltr'>hyperborea,</span> <span class='ocrx_word' id='word_1_154' title='bbox 1163 1747 1216 1786; x_wconf 76' lang='lat' dir='ltr'>qui,</span> <span class='ocrx_word' id='word_1_155' title='bbox 1229 1747 1346 1777; x_wconf 81' lang='lat' dir='ltr'>soleant</span> <span class='ocrx_word' id='word_1_156' title='bbox 1361 1745 1470 1776; x_wconf 86' lang='lat' dir='ltr'>habere</span> <span class='ocrx_word' id='word_1_157' title='bbox 1485 1754 1593 1785; x_wconf 82' lang='lat' dir='ltr'>corpus</span> <span class='ocrx_word' id='word_1_158' title='bbox 1615 1747 1676 1774; x_wconf 84' lang='lat' dir='ltr'>tec-</span> 
     </span>
     <span class='ocr_line' id='line_1_22' title="bbox 221 1789 1456 1830; baseline 0 -11"><span class='ocrx_word' id='word_1_159' title='bbox 221 1791 287 1819; x_wconf 80' lang='lat' dir='ltr'>tum</span> <span class='ocrx_word' id='word_1_160' title='bbox 299 1789 412 1820; x_wconf 75' lang='lat' dir='ltr'>levibus</span> <span class='ocrx_word' id='word_1_161' title='bbox 423 1789 547 1830; x_wconf 80' lang='lat' dir='ltr'>plumis,</span> <span class='ocrx_word' id='word_1_162' title='bbox 561 1793 721 1830; x_wconf 81' lang='lat' dir='ltr'>postquam</span> <span class='ocrx_word' id='word_1_163' title='bbox 735 1790 870 1830; x_wconf 82' lang='lat' dir='ltr'>ingressi</span> <span class='ocrx_word' id='word_1_164' title='bbox 882 1790 946 1820; x_wconf 84' lang='lat' dir='ltr'>sint</span> <span class='ocrx_word' id='word_1_165' title='bbox 961 1790 1063 1820; x_wconf 80' lang='lat' dir='ltr'>novies</span> <span class='ocrx_word' id='word_1_166' title='bbox 1075 1791 1218 1829; x_wconf 82' lang='lat' dir='ltr'>paludem</span> <span class='ocrx_word' id='word_1_167' title='bbox 1237 1789 1456 1820; x_wconf 81' lang='lat' dir='ltr'>Tritoniacam.</span> 
     </span>
    </p>
   </div>
   <div class='ocr_carea' id='block_1_9' title="bbox 835 1882 1067 1893">
    <p class='ocr_par' dir='ltr' id='par_1_14' title="bbox 835 1882 1067 1893">
     <span class='ocr_line' id='line_1_23' title="bbox 835 1882 1067 1893; baseline 0 0"><span class='ocrx_word' id='word_1_168' title='bbox 835 1882 1067 1893; x_wconf 67' lang='lat' dir='ltr'>eeeeeeeeeeee</span> 
     </span>
    </p>
   </div>
   <div class='ocr_carea' id='block_1_10' title="bbox 222 1945 1681 2195">
    <p class='ocr_par' dir='ltr' id='par_1_15' title="bbox 222 1945 1681 2195">
     <span class='ocr_line' id='line_1_24' title="bbox 224 1945 1677 1989; baseline -0.003 -9"><span class='ocrx_word' id='word_1_169' title='bbox 224 1949 327 1979; x_wconf 84' lang='lat' dir='ltr'>etiam</span> <span class='ocrx_word' id='word_1_170' title='bbox 343 1959 411 1989; x_wconf 67' lang='lat' dir='ltr'>quae</span> <span class='ocrx_word' id='word_1_171' title='bbox 427 1959 488 1989; x_wconf 85' lang='lat' dir='ltr'>pro</span> <span class='ocrx_word' id='word_1_172' title='bbox 501 1959 537 1980; x_wconf 89' lang='lat' dir='ltr'>ea</span> <span class='ocrx_word' id='word_1_173' title='bbox 551 1960 563 1986; x_wconf 90' lang='lat'><em>;</em></span> <span class='ocrx_word' id='word_1_174' title='bbox 588 1949 689 1980; x_wconf 85' lang='lat' dir='ltr'>Barb.</span> <span class='ocrx_word' id='word_1_175' title='bbox 704 1948 750 1979; x_wconf 82' lang='lat' dir='ltr'>bis</span> <span class='ocrx_word' id='word_1_176' title='bbox 760 1959 772 1985; x_wconf 91' lang='lat'><em>;</em></span> <span class='ocrx_word' id='word_1_177' title='bbox 796 1952 831 1979; x_wconf 87' lang='lat' dir='ltr'>et</span> <span class='ocrx_word' id='word_1_178' title='bbox 847 1951 990 1989; x_wconf 88' lang='lat' dir='ltr'>quatuor</span> <span class='ocrx_word' id='word_1_179' title='bbox 996 1947 1188 1985; x_wconf 67' lang='lat' dir='ltr'>jam—349</span> <span class='ocrx_word' id='word_1_180' title='bbox 1214 1947 1315 1977; x_wconf 84' lang='lat' dir='ltr'>Multi</span> <span class='ocrx_word' id='word_1_181' title='bbox 1332 1947 1427 1977; x_wconf 82' lang='lat' dir='ltr'>Antr.</span> <span class='ocrx_word' id='word_1_182' title='bbox 1444 1945 1677 1986; x_wconf 81' lang='lat' dir='ltr'>relinquuntur;</span> 
     </span>
     <span class='ocr_line' id='line_1_25' title="bbox 225 1987 1679 2030; baseline -0.001 -10"><span class='ocrx_word' id='word_1_183' title='bbox 225 2000 309 2021; x_wconf 91' lang='lat' dir='ltr'>unus</span> <span class='ocrx_word' id='word_1_184' title='bbox 334 1991 667 2030; x_wconf 84' lang='lat' dir='ltr'>relinquantur.—35l</span> <span class='ocrx_word' id='word_1_185' title='bbox 692 1991 842 2021; x_wconf 83' lang='lat' dir='ltr'>Berolin.</span> <span class='ocrx_word' id='word_1_186' title='bbox 869 1991 1035 2030; x_wconf 82' lang='lat' dir='ltr'>Luteaque.</span> <span class='ocrx_word' id='word_1_187' title='bbox 1059 1990 1143 2020; x_wconf 82' lang='lat' dir='ltr'>Mox</span> <span class='ocrx_word' id='word_1_188' title='bbox 1175 1989 1290 2019; x_wconf 87' lang='lat' dir='ltr'>Heius.</span> <span class='ocrx_word' id='word_1_189' title='bbox 1319 1989 1436 2019; x_wconf 88' lang='lat' dir='ltr'>mallet</span> <span class='ocrx_word' id='word_1_190' title='bbox 1461 1989 1595 2019; x_wconf 83' lang='lat' dir='ltr'>assiduis</span> <span class='ocrx_word' id='word_1_191' title='bbox 1623 1987 1679 2018; x_wconf 90' lang='lat' dir='ltr'>vel</span> 
     </span>
     <span class='ocr_line' id='line_1_26' title="bbox 222 2030 1681 2071; baseline -0.002 -8"><span class='ocrx_word' id='word_1_192' title='bbox 222 2033 364 2071; x_wconf 79' lang='lat' dir='ltr'>irriguis.</span> <span class='ocrx_word' id='word_1_193' title='bbox 388 2033 531 2064; x_wconf 83' lang='lat' dir='ltr'>Plurimi</span> <span class='ocrx_word' id='word_1_194' title='bbox 559 2034 662 2064; x_wconf 85' lang='lat' dir='ltr'>etiam</span> <span class='ocrx_word' id='word_1_195' title='bbox 692 2035 865 2065; x_wconf 84' lang='lat' dir='ltr'>ardescunt.</span> <span class='ocrx_word' id='word_1_196' title='bbox 890 2033 985 2063; x_wconf 83' lang='lat' dir='ltr'>Unus</span> <span class='ocrx_word' id='word_1_197' title='bbox 1012 2032 1131 2063; x_wconf 88' lang='lat' dir='ltr'>Heius.</span> <span class='ocrx_word' id='word_1_198' title='bbox 1158 2031 1229 2069; x_wconf 84' lang='lat' dir='ltr'>suls.</span> <span class='ocrx_word' id='word_1_199' title='bbox 1260 2032 1381 2068; x_wconf 84' lang='lat' dir='ltr'>ventis;</span> <span class='ocrx_word' id='word_1_200' title='bbox 1405 2030 1598 2070; x_wconf 81' lang='lat' dir='ltr'>complures</span> <span class='ocrx_word' id='word_1_201' title='bbox 1622 2030 1681 2061; x_wconf 87' lang='lat' dir='ltr'>alii</span> 
     </span>
     <span class='ocr_line' id='line_1_27' title="bbox 226 2072 1679 2116; baseline -0.002 -10"><span class='ocrx_word' id='word_1_202' title='bbox 226 2084 302 2106; x_wconf 86' lang='lat' dir='ltr'>cum</span> <span class='ocrx_word' id='word_1_203' title='bbox 320 2075 481 2106; x_wconf 88' lang='lat' dir='ltr'>Heidelb.</span> <span class='ocrx_word' id='word_1_204' title='bbox 497 2079 533 2106; x_wconf 87' lang='lat' dir='ltr'>et</span> <span class='ocrx_word' id='word_1_205' title='bbox 562 2075 710 2106; x_wconf 87' lang='lat' dir='ltr'>Berolin.</span> <span class='ocrx_word' id='word_1_206' title='bbox 726 2075 988 2116; x_wconf 65' lang='lat' dir='ltr'>flammis—352</span> <span class='ocrx_word' id='word_1_207' title='bbox 1012 2074 1146 2115; x_wconf 85' lang='lat' dir='ltr'>Gryph.</span> <span class='ocrx_word' id='word_1_208' title='bbox 1163 2075 1294 2104; x_wconf 87' lang='lat' dir='ltr'>Bersm.</span> <span class='ocrx_word' id='word_1_209' title='bbox 1310 2079 1345 2105; x_wconf 85' lang='lat' dir='ltr'>et</span> <span class='ocrx_word' id='word_1_210' title='bbox 1370 2073 1444 2104; x_wconf 80' lang='lat' dir='ltr'>aliae</span> <span class='ocrx_word' id='word_1_211' title='bbox 1461 2072 1548 2103; x_wconf 91' lang='lat' dir='ltr'>Edd.</span> <span class='ocrx_word' id='word_1_212' title='bbox 1565 2075 1600 2104; x_wconf 83' lang='lat' dir='ltr'>ut</span> <span class='ocrx_word' id='word_1_213' title='bbox 1615 2082 1679 2113; x_wconf 88' lang='lat' dir='ltr'>pro</span> 
     </span>
     <span class='ocr_line' id='line_1_28' title="bbox 225 2114 1680 2158; baseline -0.002 -10"><span class='ocrx_word' id='word_1_214' title='bbox 225 2117 288 2149; x_wconf 74' lang='lat' dir='ltr'>abi.</span> <span class='ocrx_word' id='word_1_215' title='bbox 311 2117 394 2148; x_wconf 86' lang='lat' dir='ltr'>Mox</span> <span class='ocrx_word' id='word_1_216' title='bbox 412 2127 495 2148; x_wconf 88' lang='lat' dir='ltr'>unus</span> <span class='ocrx_word' id='word_1_217' title='bbox 513 2118 601 2148; x_wconf 90' lang='lat' dir='ltr'>Mor.</span> <span class='ocrx_word' id='word_1_218' title='bbox 617 2118 797 2158; x_wconf 78' lang='lat' dir='ltr'>alimentaq.</span> <span class='ocrx_word' id='word_1_219' title='bbox 814 2117 905 2148; x_wconf 77' lang='lat' dir='ltr'>mitia</span> <span class='ocrx_word' id='word_1_220' title='bbox 913 2117 1061 2158; x_wconf 77' lang='lat' dir='ltr'>fl.—354</span> <span class='ocrx_word' id='word_1_221' title='bbox 1085 2116 1168 2148; x_wconf 90' lang='lat' dir='ltr'>Cod.</span> <span class='ocrx_word' id='word_1_222' title='bbox 1185 2116 1342 2147; x_wconf 86' lang='lat' dir='ltr'>Menard.</span> <span class='ocrx_word' id='word_1_223' title='bbox 1361 2115 1575 2156; x_wconf 80' lang='lat' dir='ltr'>Materioeque.</span> <span class='ocrx_word' id='word_1_224' title='bbox 1599 2114 1680 2148; x_wconf 84' lang='lat' dir='ltr'>Qui.</span> 
     </span>
     <span class='ocr_line' id='line_1_29' title="bbox 229 2157 1681 2195; baseline -0.001 -5"><span class='ocrx_word' id='word_1_225' title='bbox 229 2159 306 2190; x_wconf 87' lang='lat' dir='ltr'>dam</span> <span class='ocrx_word' id='word_1_226' title='bbox 324 2160 380 2190; x_wconf 79' lang='lat' dir='ltr'>alii</span> <span class='ocrx_word' id='word_1_227' title='bbox 395 2161 478 2192; x_wconf 86' lang='lat' dir='ltr'>deer.</span> <span class='ocrx_word' id='word_1_228' title='bbox 493 2163 576 2191; x_wconf 81' lang='lat' dir='ltr'>nutr.</span> <span class='ocrx_word' id='word_1_229' title='bbox 602 2160 734 2191; x_wconf 83' lang='lat' dir='ltr'>inverso</span> <span class='ocrx_word' id='word_1_230' title='bbox 761 2160 998 2191; x_wconf 82' lang='lat' dir='ltr'>ordine.—357</span> <span class='ocrx_word' id='word_1_231' title='bbox 1023 2158 1094 2190; x_wconf 86' lang='lat' dir='ltr'>Alii</span> <span class='ocrx_word' id='word_1_232' title='bbox 1119 2159 1198 2195; x_wconf 82' lang='lat' dir='ltr'>Quis</span> <span class='ocrx_word' id='word_1_233' title='bbox 1222 2161 1279 2190; x_wconf 87' lang='lat' dir='ltr'>sol.</span> <span class='ocrx_word' id='word_1_234' title='bbox 1310 2159 1392 2189; x_wconf 89' lang='lat' dir='ltr'>Mox</span> <span class='ocrx_word' id='word_1_235' title='bbox 1411 2159 1511 2190; x_wconf 85' lang='lat' dir='ltr'>Cant.</span> <span class='ocrx_word' id='word_1_236' title='bbox 1535 2162 1571 2189; x_wconf 87' lang='lat' dir='ltr'>et</span> <span class='ocrx_word' id='word_1_237' title='bbox 1597 2157 1681 2188; x_wconf 84' lang='lat' dir='ltr'>alius</span> 
     </span>
    </p>
   </div>
   <div class='ocr_carea' id='block_1_11' title="bbox 875 2261 1015 2293">
    <p class='ocr_par' dir='ltr' id='par_1_16' title="bbox 875 2261 1015 2293">
     <span class='ocr_line' id='line_1_30' title="bbox 875 2261 1015 2293; baseline 0 -1"><span class='ocrx_word' id='word_1_238' title='bbox 875 2261 1015 2293; x_wconf 84' lang='lat' dir='ltr'>NOTAE</span> 
     </span>
    </p>
   </div>
   <div class='ocr_carea' id='block_1_12' title="bbox 227 2338 1682 2835">
    <p class='ocr_par' dir='ltr' id='par_1_17' title="bbox 227 2338 1681 2475">
     <span class='ocr_line' id='line_1_31' title="bbox 270 2338 1680 2383; baseline -0.001 -11"><span class='ocrx_word' id='word_1_239' title='bbox 270 2344 332 2373; x_wconf 75' lang='lat'>350</span> <span class='ocrx_word' id='word_1_240' title='bbox 357 2341 563 2382; x_wconf 79' lang='lat' dir='ltr'>Bitumineae]</span> <span class='ocrx_word' id='word_1_241' title='bbox 617 2342 680 2374; x_wconf 85' lang='lat' dir='ltr'>Est</span> <span class='ocrx_word' id='word_1_242' title='bbox 706 2342 859 2373; x_wconf 83' lang='lat' dir='ltr'>bitumen</span> <span class='ocrx_word' id='word_1_243' title='bbox 887 2342 925 2372; x_wconf 86' lang='lat' dir='ltr'>li·</span> <span class='ocrx_word' id='word_1_244' title='bbox 980 2350 1108 2383; x_wconf 88' lang='lat' dir='ltr'>pennas</span> <span class='ocrx_word' id='word_1_245' title='bbox 1139 2341 1199 2372; x_wconf 88' lang='lat' dir='ltr'>has</span> <span class='ocrx_word' id='word_1_246' title='bbox 1223 2340 1472 2381; x_wconf 82' lang='lat' dir='ltr'>interpretatur</span> <span class='ocrx_word' id='word_1_247' title='bbox 1497 2338 1680 2380; x_wconf 84' lang='lat' dir='ltr'>Hyperbo-</span> 
     </span>
     <span class='ocr_line' id='line_1_32' title="bbox 227 2389 1681 2434; baseline -0.001 -12"><span class='ocrx_word' id='word_1_248' title='bbox 227 2401 300 2423; x_wconf 91' lang='lat' dir='ltr'>mus</span> <span class='ocrx_word' id='word_1_249' title='bbox 324 2391 458 2434; x_wconf 70' lang='lat' dir='ltr'>quidam</span> <span class='ocrx_word' id='word_1_250' title='bbox 488 2392 594 2433; x_wconf 84' lang='lat' dir='ltr'>piceae</span> <span class='ocrx_word' id='word_1_251' title='bbox 623 2396 658 2424; x_wconf 89' lang='lat' dir='ltr'>et</span> <span class='ocrx_word' id='word_1_252' title='bbox 686 2391 843 2424; x_wconf 84' lang='lat' dir='ltr'>sulfureae</span> <span class='ocrx_word' id='word_1_253' title='bbox 869 2401 925 2423; x_wconf 85' lang='lat' dir='ltr'>na-</span> <span class='ocrx_word' id='word_1_254' title='bbox 980 2401 1113 2423; x_wconf 84' lang='lat' dir='ltr'>reorum</span> <span class='ocrx_word' id='word_1_255' title='bbox 1129 2391 1247 2429; x_wconf 84' lang='lat' dir='ltr'>nives;</span> <span class='ocrx_word' id='word_1_256' title='bbox 1272 2401 1354 2432; x_wconf 89' lang='lat' dir='ltr'>quas</span> <span class='ocrx_word' id='word_1_257' title='bbox 1372 2390 1552 2431; x_wconf 87' lang='lat' dir='ltr'>pinnarum</span> <span class='ocrx_word' id='word_1_258' title='bbox 1565 2389 1681 2420; x_wconf 83' lang='lat' dir='ltr'>simili-</span> 
     </span>
     <span class='ocr_line' id='line_1_33' title="bbox 232 2439 1681 2475; baseline -0.003 -2"><span class='ocrx_word' id='word_1_259' title='bbox 232 2447 329 2475; x_wconf 83' lang='lat' dir='ltr'>turae.</span> <span class='ocrx_word' id='word_1_260' title='bbox 981 2441 1100 2472; x_wconf 88' lang='lat' dir='ltr'>tudine</span> <span class='ocrx_word' id='word_1_261' title='bbox 1125 2440 1194 2471; x_wconf 88' lang='lat' dir='ltr'>illic</span> <span class='ocrx_word' id='word_1_262' title='bbox 1223 2439 1356 2470; x_wconf 86' lang='lat' dir='ltr'>assidue</span> <span class='ocrx_word' id='word_1_263' title='bbox 1385 2439 1508 2470; x_wconf 82' lang='lat' dir='ltr'>cadere</span> <span class='ocrx_word' id='word_1_264' title='bbox 1533 2441 1681 2470; x_wconf 83' lang='lat' dir='ltr'>testatur</span> 
     </span>
    </p>

    <p class='ocr_par' dir='ltr' id='par_1_18' title="bbox 230 2488 1682 2584">
     <span class='ocr_line' id='line_1_34' title="bbox 269 2488 1682 2535; baseline -0.006 -9"><span class='ocrx_word' id='word_1_265' title='bbox 269 2496 332 2525; x_wconf 80' lang='grc'>354</span> <span class='ocrx_word' id='word_1_266' title='bbox 357 2494 564 2535; x_wconf 74' lang='lat' dir='ltr'>Natumque]</span> <span class='ocrx_word' id='word_1_267' title='bbox 583 2495 715 2535; x_wconf 89' lang='lat' dir='ltr'>Nempe</span> <span class='ocrx_word' id='word_1_268' title='bbox 733 2494 925 2525; x_wconf 76' lang='lat' dir='ltr'>bitumineae</span> <span class='ocrx_word' id='word_1_269' title='bbox 980 2492 1126 2523; x_wconf 82' lang='lat' dir='ltr'>Plinius.</span> <span class='ocrx_word' id='word_1_270' title='bbox 1162 2490 1319 2532; x_wconf 88' lang='lat' dir='ltr'>Namque</span> <span class='ocrx_word' id='word_1_271' title='bbox 1334 2488 1562 2530; x_wconf 79' lang='lat' dir='ltr'>Hyperborei,</span> <span class='ocrx_word' id='word_1_272' title='bbox 1577 2497 1682 2529; x_wconf 86' lang='lat' dir='ltr'>quan·</span> 
     </span>
     <span class='ocr_line' id='line_1_35' title="bbox 230 2538 1680 2584; baseline -0.005 -9"><span class='ocrx_word' id='word_1_273' title='bbox 230 2548 266 2575; x_wconf 90' lang='lat' dir='ltr'>et</span> <span class='ocrx_word' id='word_1_274' title='bbox 281 2543 450 2575; x_wconf 84' lang='lat' dir='ltr'>sulfureae.</span> <span class='ocrx_word' id='word_1_275' title='bbox 983 2552 1082 2584; x_wconf 88' lang='lat' dir='ltr'>quam</span> <span class='ocrx_word' id='word_1_276' title='bbox 1103 2540 1181 2572; x_wconf 85' lang='lat' dir='ltr'>alibi</span> <span class='ocrx_word' id='word_1_277' title='bbox 1207 2540 1249 2571; x_wconf 83' lang='lat' dir='ltr'>ab</span> <span class='ocrx_word' id='word_1_278' title='bbox 1272 2540 1346 2571; x_wconf 86' lang='lat' dir='ltr'>aliis</span> <span class='ocrx_word' id='word_1_279' title='bbox 1370 2540 1403 2570; x_wconf 88' lang='lat' dir='ltr'>in</span> <span class='ocrx_word' id='word_1_280' title='bbox 1425 2538 1577 2579; x_wconf 84' lang='lat' dir='ltr'>Scythia,</span> <span class='ocrx_word' id='word_1_281' title='bbox 1604 2538 1680 2568; x_wconf 86' lang='lat' dir='ltr'>Sar-</span> 
     </span>
    </p>

    <p class='ocr_par' dir='ltr' id='par_1_19' title="bbox 230 2587 1682 2835">
     <span class='ocr_line' id='line_1_36' title="bbox 273 2587 1681 2635; baseline -0.005 -10"><span class='ocrx_word' id='word_1_282' title='bbox 273 2597 336 2625; x_wconf 83' lang='lat'>356</span> <span class='ocrx_word' id='word_1_283' title='bbox 354 2594 494 2634; x_wconf 78' lang='lat' dir='ltr'>Pallene]</span> <span class='ocrx_word' id='word_1_284' title='bbox 510 2593 715 2635; x_wconf 82' lang='lat' dir='ltr'>Estquidam</span> <span class='ocrx_word' id='word_1_285' title='bbox 728 2593 928 2624; x_wconf 83' lang='lat' dir='ltr'>monsThra-</span> <span class='ocrx_word' id='word_1_286' title='bbox 982 2592 1087 2624; x_wconf 71' lang='lat' dir='ltr'>maiia</span> <span class='ocrx_word' id='word_1_287' title='bbox 1114 2590 1279 2629; x_wconf 77' lang='lat' dir='ltr'>Asiatica,</span> <span class='ocrx_word' id='word_1_288' title='bbox 1320 2589 1507 2628; x_wconf 86' lang='lat' dir='ltr'>Moscovia,</span> <span class='ocrx_word' id='word_1_289' title='bbox 1538 2589 1600 2620; x_wconf 69' lang='grc' dir='ltr'>διο.</span> <span class='ocrx_word' id='word_1_290' title='bbox 1637 2587 1681 2618; x_wconf 88' lang='lat' dir='ltr'>ad</span> 
     </span>
     <span class='ocr_line' id='line_1_37' title="bbox 230 2638 1682 2684; baseline -0.006 -7"><span class='ocrx_word' id='word_1_291' title='bbox 230 2646 306 2684; x_wconf 85' lang='lat' dir='ltr'>ciae,</span> <span class='ocrx_word' id='word_1_292' title='bbox 330 2655 389 2677; x_wconf 86' lang='lat' dir='ltr'>scu</span> <span class='ocrx_word' id='word_1_293' title='bbox 415 2645 650 2676; x_wconf 85' lang='lat' dir='ltr'>Macedoniae:</span> <span class='ocrx_word' id='word_1_294' title='bbox 676 2654 792 2675; x_wconf 85' lang='lat' dir='ltr'>verum</span> <span class='ocrx_word' id='word_1_295' title='bbox 810 2643 928 2674; x_wconf 87' lang='lat' dir='ltr'>dehac</span> <span class='ocrx_word' id='word_1_296' title='bbox 983 2641 1264 2683; x_wconf 77' lang='lat' dir='ltr'>Septemtrionem</span> <span class='ocrx_word' id='word_1_297' title='bbox 1300 2639 1341 2671; x_wconf 80' lang='lat' dir='ltr'>ab</span> <span class='ocrx_word' id='word_1_298' title='bbox 1375 2638 1528 2670; x_wconf 90' lang='lat' dir='ltr'>omnibus</span> <span class='ocrx_word' id='word_1_299' title='bbox 1560 2638 1682 2669; x_wconf 84' lang='lat' dir='ltr'>consti-</span> 
     </span>
     <span class='ocr_line' id='line_1_38' title="bbox 231 2687 1681 2736; baseline -0.006 -9"><span class='ocrx_word' id='word_1_300' title='bbox 231 2695 461 2736; x_wconf 85' lang='lat' dir='ltr'>Hyperborea</span> <span class='ocrx_word' id='word_1_301' title='bbox 475 2704 586 2736; x_wconf 88' lang='lat' dir='ltr'>neque</span> <span class='ocrx_word' id='word_1_302' title='bbox 602 2694 646 2725; x_wconf 87' lang='lat' dir='ltr'>de</span> <span class='ocrx_word' id='word_1_303' title='bbox 665 2693 857 2725; x_wconf 82' lang='lat' dir='ltr'>Tritoniaca</span> <span class='ocrx_word' id='word_1_304' title='bbox 873 2703 928 2733; x_wconf 89' lang='lat' dir='ltr'>pa·</span> <span class='ocrx_word' id='word_1_305' title='bbox 984 2696 1134 2731; x_wconf 85' lang='lat' dir='ltr'>tuuntur,</span> <span class='ocrx_word' id='word_1_306' title='bbox 1149 2701 1169 2721; x_wconf 86' lang='lat' dir='ltr'>a</span> <span class='ocrx_word' id='word_1_307' title='bbox 1184 2690 1304 2731; x_wconf 84' lang='lat' dir='ltr'>quibus</span> <span class='ocrx_word' id='word_1_308' title='bbox 1327 2695 1363 2722; x_wconf 89' lang='lat' dir='ltr'>et</span> <span class='ocrx_word' id='word_1_309' title='bbox 1389 2690 1479 2721; x_wconf 81' lang='lat' dir='ltr'>ultra</span> <span class='ocrx_word' id='word_1_310' title='bbox 1501 2698 1584 2730; x_wconf 85' lang='lat' dir='ltr'>quos</span> <span class='ocrx_word' id='word_1_311' title='bbox 1600 2687 1681 2720; x_wconf 90' lang='lat' dir='ltr'>inci-</span> 
     </span>
     <span class='ocr_line' id='line_1_39' title="bbox 231 2743 1286 2787; baseline -0.004 -11"><span class='ocrx_word' id='word_1_312' title='bbox 231 2746 310 2777; x_wconf 87' lang='lat' dir='ltr'>lude</span> <span class='ocrx_word' id='word_1_313' title='bbox 347 2745 426 2776; x_wconf 86' lang='lat' dir='ltr'>alibi</span> <span class='ocrx_word' id='word_1_314' title='bbox 464 2745 642 2786; x_wconf 86' lang='lat' dir='ltr'>quicquam</span> <span class='ocrx_word' id='word_1_315' title='bbox 689 2748 799 2782; x_wconf 81' lang='lat' dir='ltr'>extat,</span> <span class='ocrx_word' id='word_1_316' title='bbox 838 2743 927 2784; x_wconf 85' lang='lat' dir='ltr'>quod</span> <span class='ocrx_word' id='word_1_317' title='bbox 984 2746 1035 2787; x_wconf 83' lang='lat' dir='ltr'>pit</span> <span class='ocrx_word' id='word_1_318' title='bbox 1050 2744 1132 2776; x_wconf 85' lang='lat' dir='ltr'>flare</span> <span class='ocrx_word' id='word_1_319' title='bbox 1150 2744 1286 2775; x_wconf 81' lang='lat' dir='ltr'>Boreas.</span> 
     </span>
     <span class='ocr_line' id='line_1_40' title="bbox 232 2794 928 2835; baseline -0.004 -8"><span class='ocrx_word' id='word_1_320' title='bbox 232 2798 345 2828; x_wconf 62' lang='lat' dir='ltr'>sciam.</span> <span class='ocrx_word' id='word_1_321' title='bbox 410 2795 606 2828; x_wconf 85' lang='lat' dir='ltr'>Herodotus</span> <span class='ocrx_word' id='word_1_322' title='bbox 642 2795 675 2826; x_wconf 92' lang='lat' dir='ltr'>iu</span> <span class='ocrx_word' id='word_1_323' title='bbox 713 2794 928 2835; x_wconf 86' lang='lat' dir='ltr'>Melpomene</span> 
     </span>
    </p>
   </div>
  </div>
 </body>
</html>
