1773 3121
569 238 834 278 msroitum
869 245 965 277 mn.
997 246 1051 276 11.

81 340 167 382 Illa
187 342 378 396 quidem,
399 348 607 395 tanquam
627 342 925 392 cognosceret,
948 340 1087 381 astitit
1110 348 1277 391 amens,

1430 238 1540 280 1881

1458 340 1477 381 1
1487 340 1543 381 85

140 409 197 452 Et
216 412 400 464 gemuit:
431 409 620 462 gemitus
640 408 778 448 verba
797 409 988 461 parentis
1008 412 1145 450 erant.

82 476 129 519 H
133 490 214 519 anc
235 491 342 532 puer
363 478 538 530 ignarus
554 475 710 529 jaculo
728 475 901 516 fixisset
921 479 1054 517 acuto
1071 489 1082 527 ;

138 545 201 587 Ni
222 546 332 586 foret
351 546 394 585 in
415 556 600 598 superas
621 547 774 597 raptus
795 548 980 597 uterque
1001 543 1172 585 domos.

80 613 217 667 Signa
235 612 485 666 propinqua
504 612 681 653 micant.

136 679 441 733 Arctophylax
460 679 645 721 formam
664 683 787 733 terga
808 680 1031 734 sequentis
1047 679 1195 743 habet3

741 611 870 653 Prior
888 615 969 662 est,
991 624 1125 666 quam
1145 611 1333 653 dicimus
1352 609 1542 653 Arcton:

1460 679 1544 721 190

80 747 219 788 Saevit
240 746 399 798 adhuc,
422 760 666 802 canamque
687 748 796 790 adiit
815 747 1022 789 Saturnia
1040 737 1226 802 Tethyn‘,

137 813 397 857 Maenaliam
418 816 552 858 tactis
572 829 626 858 ne
646 816 764 859 lavet
783 816 951 858 Arcton
972 816 1118 871 aquis.

78 880 257 943 IniBUS
281 884 466 937 agrestis
487 884 661 926 fumant
680 885 835 926 altaria
853 884 1013 934 Fauni,

136 949 230 992 Hic
250 951 327 991 ubi
349 951 564 994 discretas
584 952 731 993 insula
750 953 912 1006 rumpit
932 958 1086 1005 aquas.

81 1016 197 1059 Haec
217 1017 299 1060 fuit
320 1019 397 1060 illa
418 1019 530 1070 dies,
551 1020 595 1061 in
616 1033 705 1074 qua
727 1019 988 1061 Veientibus
1011 1019 1128 1060 arvis

1463 1016 1546 1058 195

134 1085 225 1127 Ter
246 1091 419 1129 centum
443 1087 589 1138 Fabii,
611 1091 675 1129 ter
695 1088 892 1129 cecidere
911 1087 1015 1128 duo.

77 1215 229 1254 constitit,
256 1216 346 1256 quasi
360 1219 567 1256 cog-nosceret,
592 1219 622 1247 et
635 1216 779 1256 gemuit;
799 1215 939 1256 gemitus
952 1217 1045 1246 erant
1059 1223 1148 1246 voces
1161 1212 1282 1245 matris.
1329 1212 1415 1243 Puer
1428 1213 1546 1250 nesci-us

77 1257 294 1296 transfodisset
308 1268 376 1289 eam
390 1259 451 1289 telo
465 1262 566 1298 acuto,
591 1258 653 1290 nisi
678 1258 766 1289 ambo
793 1261 893 1290 essent
918 1257 1034 1289 sublati
1058 1257 1093 1288 in
1115 1257 1202 1288 sedes
1215 1257 1363 1287 coelestes.
1408 1255 1546 1294 Fulgent

76 1298 178 1331 sidera
195 1300 310 1339 juncta
319 1311 333 1338 ,-
354 1311 445 1341 quam
459 1301 590 1333 dicimus
602 1302 723 1333 Arcton
738 1304 784 1333 est
797 1301 899 1342 prior,
911 1300 1130 1342 Arctophylax
1142 1299 1232 1331 habet
1245 1298 1378 1339 speciem
1391 1298 1549 1338 sequentis

76 1346 176 1381 terga.
221 1341 375 1375 Saturnia
382 1343 470 1382 furit
484 1344 595 1384 adhuc,
610 1347 700 1384 atque
714 1348 785 1376 orat
801 1344 924 1386 Tethyn
939 1344 1055 1383 albam,
1069 1353 1108 1375 ne
1123 1344 1202 1374 lavet
1219 1342 1340 1374 Arcton
1359 1340 1547 1371 Moenaliam

74 1386 164 1425 aquis
178 1386 482 1418 tuccia—Idibus
495 1397 561 1418 arae
578 1387 681 1419 Fauni
695 1388 830 1427 agrestis
845 1386 976 1425 fumant
991 1386 1042 1418 hic
1063 1385 1118 1417 ubi
1131 1385 1236 1416 insula
1258 1384 1374 1415 dividit
1387 1393 1484 1424 aquas
1499 1383 1547 1414 di-

75 1437 191 1460 versas.
236 1429 319 1461 Haec
332 1429 399 1461 dies
412 1430 468 1462 illa
484 1430 567 1471 suit,
594 1440 655 1471 qua
670 1430 764 1462 Fabii
788 1430 920 1462 trecenti
946 1433 1040 1471 atque
1060 1439 1118 1461 sex
1142 1427 1348 1459 occubuerunt
1369 1426 1405 1457 in
1430 1426 1548 1467 campis

692 1525 930 1537 eeeeeeeeeeee

77 1591 183 1621 —183
206 1589 305 1621 Unus
320 1590 412 1621 Mor.
429 1600 492 1632 pro
507 1601 578 1623 var.
595 1591 677 1623 lect.
692 1594 830 1631 concept.
850 1590 1102 1623 habebat.—18⁷
1127 1589 1169 1620 P.
1186 1588 1311 1628 ignotus
1327 1595 1388 1627 pro
1404 1585 1546 1626 ignarus·

77 1635 184 1663 -188
208 1631 248 1663 In
275 1642 317 1664 ex
338 1632 432 1664 libris
471 1639 557 1665 vett.
583 1634 692 1666 ceteri
718 1635 879 1665 ‹uh—190
901 1633 1051 1665 Strozzae
1079 1632 1136 1663 lib.
1159 1631 1202 1662 A.
1228 1634 1318 1669 tergo
1332 1629 1426 1668 signa
1438 1638 1545 1670 seq.—

80 1677 137 1706 191
163 1675 256 1707 Adiit
273 1675 407 1707 Ciofan.
425 1677 568 1717 protulit
595 1686 638 1707 ex
655 1681 724 1708 vet.
753 1675 812 1708 lib.
829 1675 886 1707 alii
899 1677 993 1716 petit,
1019 1676 1072 1706 vel
1098 1675 1307 1714 rogat—195
1332 1671 1390 1703 Fr.
1404 1681 1464 1712 qua
1480 1681 1547 1703 ver-

76 1718 221 1758 gentibus
236 1729 314 1751 arm.
328 1728 372 1750 ex
388 1728 476 1751 corr.
494 1729 529 1750 te
538 1720 687 1759 gentibus
703 1728 765 1760 pro
781 1728 852 1750 var.
870 1719 950 1750 lect.
965 1718 1082 1750 Ursini
1099 1717 1187 1749 liber
1205 1714 1415 1748 Volscentibus
1425 1714 1523 1746 armis
1532 1725 1545 1752 ‚-

743 1833 883 1866 NOTAE

123 1911 182 1939 187
208 1908 357 1948 Ignarus]
385 1909 535 1940 Matrem
549 1918 621 1940 esse
638 1908 784 1940 nescius.

122 1960 182 1989 188
211 1958 349 1998 Raptus]
388 1958 430 1990 In
458 1959 562 1990 coelos
593 1959 784 1990 translatus.

77 2009 220 2043 Callisto
235 2009 393 2041 nimirum
416 2010 450 2041 in
468 2010 591 2042 Ursam
619 2010 783 2051 majorem

76 2064 220 2100 mutata,
233 2058 340 2092 Arcas
351 2060 473 2092 Bootae
484 2060 578 2092 sidus
591 2060 783 2092 constituit.

120 2114 180 2144 191
207 2111 342 2152 Canum]
365 2111 613 2145 Quiaanuosa:
635 2121 677 2142 au
690 2109 781 2143 forte

76 2162 119 2195 ad
142 2173 241 2206 aquae
258 2164 409 2195 colorem
426 2164 591 2205 respexit,
604 2173 681 2195 cum
698 2173 783 2204 prae·

77 2213 193 2246 sertim
212 2214 322 2246 ventis
337 2214 492 2255 agitata?

117 2263 285 2305 Saturnia]
300 2264 405 2305 Juno,
418 2264 555 2297 Saturni
571 2263 651 2296 filia.

117 2314 254 2356 Tethyn]
297 2314 386 2347 Haec
404 2315 490 2347 Coeli
512 2320 548 2347 et
574 2315 692 2346 Vestae
716 2313 781 2346 fuit

74 2361 157 2405 min,
171 2374 256 2396 uxor
271 2364 415 2397 Oceani.

119 2418 180 2449 1⁹2
205 2416 403 2459 Moenaliam]
432 2415 652 2455 Arcadicam,
665 2425 684 2446 a
699 2414 783 2446 Mae-

77 2467 153 2499 mlo
165 2465 322 2499 Arcadiae
340 2472 467 2499 monte.

121 2517 172 2549 Ne
186 2518 283 2559 lavet]
312 2518 390 2551 Jam
405 2517 535 2550 dictum
548 2517 582 2548 in
597 2516 780 2548 Metamor-

79 2567 189 2610 pho-i,
215 2568 330 2602 fictum
359 2569 451 2601 istud
483 2568 560 2600 ideo
587 2578 662 2600 esse
691 2567 781 2609 quod

79 2627 247 2662 nunquam
259 2616 394 2662 aequore
406 2619 492 2663 tingi
507 2619 664 2652 videatur
679 2619 780 2658 Ursa,

80 2677 154 2709 qun
169 2669 211 2700 ad
226 2670 340 2710 polum
356 2671 452 2703 nobis
463 2670 633 2703 sublatum
650 2670 726 2703 sita.

126 2720 186 2750 1⁹⁸
208 2719 369 2761 Agrestis]
396 2721 578 2754 Rurieolae.

127 2767 279 2809 1³me
326 2770 442 2803 Fauno
491 2771 645 2812 adeoque
685 2781 782 2803 sacra

81 2819 223 2852 fiebant.
248 2819 369 2862 Neque
378 2826 473 2853 certe
483 2821 674 2862 hujusmodi
684 2822 782 2863 augis

841 1909 977 1940 aliunde
998 1907 1101 1938 fidem
1126 1915 1301 1938 arcessere
1326 1914 1441 1946 operae
1468 1913 1544 1946 pre-

840 1959 925 1990 tium
940 1957 1021 1988 mihi
1034 1956 1181 1987 videtur.

882 2010 944 2040 194
983 2007 1105 2048 Insula]
1149 2004 1348 2036 Tiberinum
1386 2003 1482 2043 dicit,
1512 2004 1545 2034 in

837 2060 936 2101 cujus
967 2058 1092 2099 angulo
1129 2056 1319 2098 superiore,
1350 2054 1547 2096 turpissimo

837 2110 981 2150 numini,
1014 2117 1104 2140 anno
1127 2107 1171 2138 ab
1194 2105 1288 2138 Urbe
1312 2105 1454 2138 condita
1469 2107 1545 2136 509.

837 2166 1011 2194 sacratum
1028 2159 1157 2191 fanum.

882 2210 1030 2252 Rumpit]
1052 2209 1192 2242 Scilicet
1214 2207 1364 2239 diversas
1378 2207 1411 2238 iu
1429 2210 1544 2248 partes

836 2262 995 2295 feruntur
1024 2260 1172 2293 fluminis
1202 2268 1299 2301 aquae
1337 2257 1455 2289 insulae
1492 2266 1546 2288 oc·

837 2323 950 2345 cursu.

882 2367 942 2396 195
961 2363 1056 2405 Hoec]
1082 2361 1183 2394 Anno
1196 2360 1240 2393 ab
1253 2359 1347 2392 Urbe
1359 2361 1434 2390 27⁷.
1448 2361 1546 2388 tanta

837 2414 934 2447 clade
948 2412 1075 2446 afflicta
1088 2423 1171 2454 gens
1180 2412 1297 2444 Fabia.
1336 2410 1438 2442 Diem
1453 2408 1544 2450 quod

838 2466 977 2504 attinet,
1000 2463 1044 2495 ad
1071 2467 1124 2495 15.
1161 2462 1242 2494 Kal.
1264 2461 1413 2493 Sextiles
1431 2459 1546 2491 Livius

837 2516 999 2558 assignat.
1048 2515 1159 2547 Quem
1176 2521 1253 2544 cum
1276 2512 1412 2544 Nasone
1430 2514 1545 2541 nostro

836 2565 1006 2609 quomodo
1041 2564 1224 2597 conciliare
1255 2572 1376 2605 queam
1409 2569 1544 2602 prorsus

835 2628 902 2650 nou
939 2617 1049 2648 video.
1108 2615 1322 2647 Alterutrum
1361 2612 1542 2651 deceptum

836 2678 975 2701 necesse
991 2671 1056 2700 est.

884 2718 1076 2759 Veientibus]
1085 2715 1208 2757 Populi
1219 2714 1357 2744 fuerunt
1367 2708 1542 2740 Heu-urin

836 2769 879 2800 ad
901 2768 1069 2806 Tiberim,
1092 2766 1150 2808 qui
1175 2763 1322 2804 denique
1345 2770 1365 2791 a
1384 2759 1542 2798 Camillo,

837 2818 961 2851 excisis
992 2817 1088 2848 Veiis
1120 2815 1253 2847 illorum
1293 2809 1444 2850 sedibus,
1476 2808 1540 2842 sub
