1773 3121
439 196 909 232 METAMORPHOSEON
945 199 1042 230 mn.
1076 200 1162 231 xv.
1406 191 1522 234 1775

69 293 244 349 Perque
266 294 504 350 papyriferi
526 292 780 346 septemflua
799 292 983 333 flumina
1003 291 1100 333 Nili

68 360 291 404 Victrices
310 363 451 414 egisse
470 363 586 399 rates
605 372 616 410 ;
657 358 962 412 Numidasque
982 359 1182 409 rebelles,

68 428 415 483 Cinyphiumque
434 426 463 467 J
469 427 611 475 ubam,
636 425 1022 479 Mithridateisque
1044 430 1274 469 tumentem

69 495 334 537 Nominibus
356 494 558 542 Pontum,
586 492 754 546 populo
775 493 996 546 adjecisse
1018 491 1193 542 Quirini
1211 507 1223 545 3

69 561 125 603 Et
144 562 303 602 multos
325 560 552 610 meruisse,
573 559 745 613 aliquos
766 560 908 614 egisse
929 560 1176 613 triumphos
1196 575 1206 612 3

69 627 214 677 Quam
234 632 400 668 tantum
422 627 623 679 genuisse
642 626 797 675 virum,
821 638 909 679 quo
931 627 1120 679 praeside
1140 640 1282 668 rerum

70 694 281 735 Humano
304 694 460 746 generi,
483 693 654 746 Superi,
676 693 858 733 cavistis
880 692 1067 733 abunde.

1436 426 1520 467 755

65 825 142 855 reos,
157 820 188 848 et
202 817 326 848 duxisse
343 827 432 848 naves
446 817 588 849 victrices
611 826 667 857 per
693 817 888 858 septemfluos
903 819 1005 849 alveos
1020 817 1091 848 Nili
1104 817 1280 858 papyriferi
1289 828 1300 854 ;
1324 821 1414 857 atque
1435 816 1524 848 addi-

65 859 146 890 disse
172 861 283 899 populo
316 859 444 894 Quirini
472 861 625 891 Numidas
653 860 690 891 ab
721 860 818 901 officio
846 860 1056 899 desciscentes,
1083 863 1112 890 et
1135 860 1251 890 Jubnm
1278 859 1477 900 Cinyphium,
1493 863 1524 890 et

70 900 205 931 Pontum
220 902 382 941 superbum
408 903 578 933 nominibus
606 902 845 937 Mithridatem
867 905 897 932 et
912 903 1041 941 dignum
1058 902 1160 939 fuisse
1186 902 1291 932 multis
1312 902 1478 942 triumphis
1492 906 1523 932 et

66 943 202 982 agitasse
222 945 332 975 multos
342 956 354 982 ,·
375 955 465 985 quam
478 945 620 984 genuisse
635 948 756 976 tuntum
773 946 885 984 virum,
896 954 952 985 quo
974 944 1095 975 arbitro
1112 955 1213 976 rerum
1236 945 1313 975 satis
1327 944 1523 975 consuluistis

683 1018 916 1029 eeeeeeeeeeee

67 1065 169 1096 minue
179 1069 233 1096 est.
247 1066 330 1097 Mox
340 1077 424 1097 unus
432 1067 561 1098 Tbuan.
571 1067 714 1099 domuiss.
730 1071 996 1108 tyrannam—755
1009 1068 1126 1098 Heins.
1140 1067 1261 1099 suadet
1272 1068 1524 1107 Mithridateisq.

67 1116 130 1147 pro
146 1109 233 1147 vulg.
255 1109 485 1149 Mithridatisq.
502 1116 535 1139 et
552 1110 599 1140 sic
615 1110 717 1140 etiam
733 1111 898 1150 scriptum
913 1110 944 1139 in
970 1119 1035 1140 uno
1059 1110 1142 1141 Mor.
1160 1116 1195 1140 et
1213 1110 1299 1140 Edd.
1319 1109 1409 1146 Audi,
1433 1109 1523 1148 Gry-

65 1149 147 1189 phii,
163 1150 306 1189 Mycilli,
317 1157 351 1182 et
366 1152 449 1182 aliis.
476 1152 624 1182 sserolin.
659 1152 891 1191 Mithridatisq.
914 1152 1191 1182 timentem—757
1209 1152 1266 1181 Pr.
1285 1152 1322 1182 V.
1336 1156 1370 1182 et
1384 1151 1450 1182 duo
1466 1151 1524 1181 alii

65 1192 136 1231 aliq.
159 1192 298 1231 ceeigiese
315 1196 465 1224 eru—‘159
490 1193 627 1224 Cavistis
644 1193 763 1224 Heius.
783 1194 912 1233 recepit
929 1203 971 1224 ex
989 1203 1040 1234 pr.
1066 1194 1198 1225 Bonon.
1225 1198 1259 1224 et
1285 1198 1397 1234 quart.
1427 1192 1524 1224 Med.

730 1278 869 1310 NOTAE

67 1345 245 1372 enumerat
271 1341 395 1380 Poeta,
421 1346 457 1373 ut
489 1342 633 1383 Augusti
665 1341 768 1383 adop-

65 1390 194 1422 tionem
210 1391 276 1422 illis
290 1391 546 1424 anteferendam
569 1403 640 1424 ense
658 1397 770 1424 osten-

67 1440 143 1472 dat:
169 1446 272 1483 atque
288 1442 335 1474 ita
361 1443 461 1484 hujus
486 1444 620 1475 laudem
649 1445 770 1476 callide

67 1491 227 1524 inculcet.

113 1541 298 1583 Britannos]
334 1543 414 1575 [llos
444 1555 525 1576 vero
551 1546 672 1584 victos,
701 1545 771 1586 qui-

68 1590 130 1620 bus
145 1597 225 1622 ante
241 1592 411 1624 Caesarem
439 1604 480 1625 ne
498 1604 618 1625 nomen
634 1595 770 1635 quidem

69 1640 296 1672 Romanorum
329 1644 501 1683 cognitum
531 1650 616 1684 erat,
645 1645 771 1684 stipen-

70 1690 196 1722 diarios
208 1690 303 1723 feeit.

112 1744 174 1774 753
198 1743 397 1783 Papyriferi]
419 1744 573 1784 Papyrus
590 1745 707 1784 planta
723 1747 773 1774 est

66 1801 209 1823 nascens
234 1794 268 1823 in
299 1794 506 1833 palustribus
543 1794 693 1835 AEgypti‚
731 1804 772 1824 ex

70 1852 137 1884 qua
166 1842 294 1874 fiebant
324 1845 464 1881 chartae,
494 1844 618 1874 tunicis
650 1843 772 1883 papyri

67 1902 130 1924 acu
157 1903 216 1924 seu
245 1895 406 1934 scalpello
433 1894 579 1925 diductis
602 1899 703 1934 atque
721 1903 771 1924 se-

65 1943 207 1984 paratis.

112 1992 198 2033 Nili]
222 1993 375 2024 Fluvium
405 2004 480 2025 esse
501 1993 635 2035 AEgypti
666 1993 770 2024 maxi-

68 2053 172 2083 mnm,
189 2053 249 2084 per
266 2049 396 2085 septem
409 2045 496 2076 ostia
521 2049 579 2075 aut
605 2044 719 2074 alveos
737 2043 769 2073 in

69 2101 161 2124 mare
192 2093 482 2126 Mediterraneum
513 2104 548 2125 se
583 2103 770 2124 exoneran-

70 2144 235 2185 tem,jam
251 2154 342 2184 saepe
360 2145 516 2176 diximus.

111 2196 174 2226 ⁷⁶⁴
213 2194 375 2236 Victrices]
409 2195 554 2226 Devicto
584 2195 770 2225 Ptolemaeo

70 2252 164 2285 rege,
193 2245 250 2285 qui
286 2251 321 2275 et
351 2245 492 2283 Camari,
531 2244 630 2275 sicuti
669 2250 770 2274 antea

68 2293 247 2335 Pompeio,
279 2295 414 2326 insidias
448 2300 638 2335 paraverat.
706 2295 770 2325 Ille

70 2353 212 2385 namqu»
230 2347 336 2377 victu·
354 2347 386 2377 in
400 2346 478 2377 Nilo
497 2347 608 2385 periit.

106 2395 274 2435 Numidas]
288 2396 443 2427 Numidae
455 2396 582 2427 Africae
594 2396 772 2437 populiad-

71 2445 205 2477 modum
230 2445 444 2487 feroces.qui
470 2457 544 2477 vum
561 2446 653 2478 Juba
678 2447 770 2477 Mau-

65 2493 204 2526 ritania».
220 2504 312 2535 regv,
329 2496 609 2536 Pompeianarum
625 2496 769 2536 partium

74 2543 771 2585 duces·eat‹›uem‚.=lcipio11em‚Petreium,

72 2593 220 2636 nno-que
236 2597 356 2633 secuti,
373 2596 531 2626 aalma-nn
549 2597 718 2627 (ja-sarem
738 2597 770 2627 in

76 2640 193 2676 Africa
209 2646 467 2685 dimicaverunt,
480 2648 670 2689 ibidemque
690 2648 769 2678 victi

77 2697 164 2724 nunt.
229 2695 279 2726 De
318 2697 482 2729 industria
515 2704 626 2729 auti-in
661 2709 770 2739 neque

74 2741 232 2784 Pompeii
269 2754 377 2787 neque
413 2753 604 2781 ceterorum
643 2749 770 2781 mentio

824 1343 903 1382 ulla,
930 1342 1008 1384 quia
1037 1341 1267 1374 execrandum
1291 1345 1392 1382 atque
1418 1341 1526 1382 lacry-

824 1394 945 1425 mabile
963 1393 1087 1424 bellum
1106 1393 1278 1424 Romanis.

867 1448 929 1476 755
956 1444 1160 1486 Cinyphiam]
1181 1445 1273 1477 Juba
1286 1454 1342 1475 rex
1363 1444 1526 1475 Maurita-

825 1495 888 1526 niae
906 1495 1090 1535 Cinyphius
1106 1505 1125 1527 a
1142 1495 1299 1535 Cinypho
1319 1504 1376 1524 seu
1393 1494 1526 1533 Cinype

828 1545 943 1585 Libyae
991 1543 1108 1582 fluvio,
1155 1545 1186 1575 in
1233 1544 1525 1574 Mediterraneum

826 1603 932 1634 prope
951 1593 1119 1624 Lebedam
1136 1591 1320 1629 defluente,
1337 1592 1473 1623 dieitur.

871 1642 1104 1682 Mithridaten]
1129 1642 1283 1682 Namque
1306 1642 1526 1673 Mithridates

828 1702 887 1723 rex
913 1692 1027 1731 Ponti,
1043 1702 1118 1724 cum
1137 1697 1281 1733 quatuor
1305 1692 1451 1732 Pyrrho,
1471 1692 1525 1723 de-

828 1752 900 1772 cem
918 1747 951 1773 et
965 1747 1095 1783 septem
1114 1743 1191 1773 anni
1209 1741 1368 1773 Annibali
1385 1741 1526 1774 suffece-

829 1792 908 1831 rint,
934 1793 988 1822 ille
1013 1802 1074 1832 per
1091 1792 1317 1834 quadraginta
1348 1802 1452 1823 annos
1476 1801 1527 1823 re-

827 1842 913 1872 stitit
929 1853 936 1880 ;
967 1843 1073 1873 donec
1101 1843 1206 1873 tribus
1224 1843 1413 1883 ingentibus
1431 1843 1526 1874 bellis

827 1892 1005 1930 subactus,
1032 1891 1199 1923 felicitate
1244 1894 1360 1933 Syllae,
1401 1893 1525 1924 virtute

827 1941 972 1980 Luculli,
987 1942 1221 1982 magnitudine
1243 1942 1394 1982 Pompeii
1410 1950 1527 1972 consu-

826 1996 990 2023 meretur.

867 2045 931 2072 756
969 2042 1121 2082 Pontum]
1161 2043 1268 2082 Regio
1302 2048 1353 2073 est
1390 2041 1527 2073 minoris

825 2092 916 2123 Asiae
945 2093 985 2123 ad
1017 2093 1301 2134 Septemtrionem
1333 2102 1352 2122 a
1380 2092 1526 2123 Pontico

825 2143 1164 2184 maricognominata.
1192 2143 1400 2174 Pharnacem
1414 2147 1526 2173 autem

826 2193 1036 2224 Mithridatis
1045 2193 1148 2224 filium
1158 2194 1259 2224 Ponti
1270 2192 1525 2233 regem,infesto

823 2245 856 2275 iu
895 2244 1148 2285 Cappadociam
1183 2245 1317 2285 agmine
1358 2249 1525 2283 ruentem,

825 2300 1003 2332 uno‚et,ut
1019 2296 1068 2326 sic
1079 2295 1235 2334 dixerim,
1246 2305 1311 2325 non
1325 2300 1396 2326 toto
1408 2294 1526 2334 praelio

827 2346 941 2377 emar
955 2346 1114 2377 obtrivit:
1151 2346 1193 2377 de
1210 2356 1276 2387 quo
1294 2346 1395 2377 etiam
1415 2344 1527 2376 trium-

827 2397 953 2436 phavit.

880 2447 1020 2486 Quirini]
1059 2447 1107 2477 Eo
1146 2446 1277 2477 nominc
1315 2446 1526 2486 appellatum

827 2498 1004 2528 Romulum
1022 2506 1124 2537 supra
1140 2496 1294 2527 diximus.

868 2549 928 2578 767
954 2547 1097 2586 Aliquos]
1120 2548 1273 2579 Quatuor
1298 2545 1444 2585 superbo
1467 2553 1524 2583 np-

827 2603 946 2637 paratu
968 2606 986 2626 a
1017 2596 1113 2627 Floro
1130 2596 1315 2633 designati.-
1332 2607 1338 2625 :
1356 2600 1363 2611 ⁴
1379 2595 1525 2633 quatum·

826 2648 944 2689 inquit,
958 2649 967 2664 ‘
982 2648 1108 2687 majora
1134 2654 1228 2677 erant
1258 2647 1297 2674 ‹le
1316 2644 1432 2683 quibua
1457 2650 1522 2671 uon

827 2698 1056 2738 triumphabat
1066 2697 1089 2727 θ’

868 2751 931 2780 759
964 2747 1094 2788 Superi]
1131 2747 1284 2777 Deorum
1311 2741 1520 2782 benignitate
