1773 3121
181 219 298 263 2072

667 233 707 263 P.
740 231 820 261 OVI
831 231 897 262 Du
928 229 1142 262 NASONIS

183 325 352 368 Cuncta
370 339 494 380 regas
511 340 521 368 :
556 330 603 367 et
623 327 684 367 sis
702 339 858 380 magno
880 327 961 367 sub
984 325 1164 368 Caesare
1185 337 1383 379 semper:

239 393 372 446 Saepe
392 394 522 434 etiam
542 395 688 446 plures
709 395 894 434 nominis
915 393 1043 447 hujus
1062 393 1191 434 habe.

1545 390 1632 432 860

182 459 239 501 Et
260 462 429 513 quoties
451 461 624 502 steteris
645 461 805 504 domito
826 462 1028 503 sublimis
1048 462 1091 502 in
1113 461 1231 510 orbe,

239 526 398 568 Omnia
419 529 505 569 sint
523 528 711 570 humeris
732 530 933 571 inferiora
952 530 1056 571 tuis.

183 595 345 637 DICTA
370 594 500 637 Pales
520 597 675 638 nobis:
705 597 819 638 idem
838 597 1019 638 Vinalia
1044 596 1202 638 dicam.

238 661 342 703 Una
362 666 501 703 tamen
519 664 667 705 media
686 669 752 705 est
772 665 883 705 inter
905 669 1134 718 utramque
1157 664 1265 706 dies.

182 728 380 771 Numina
399 731 601 783 vulgares
620 731 809 772 Veneris
832 732 1049 772 celebrate
1069 731 1242 785 puellae.

1547 728 1633 770 865

238 796 381 837 Multa
400 797 698 850 professarum
720 799 964 850 quaestibus
984 802 1089 850 apta
1109 798 1277 839 Venus,

181 861 360 903 Poscite
381 863 503 903 thure
526 862 626 903 dato
646 863 845 911 formam,
868 863 1112 915 populique
1132 863 1328 904 favorem
1345 877 1355 904 :

239 929 420 970 Poscite
441 928 690 979 blanditias,
713 929 932 982 dignaque
949 930 1082 970 verba
1103 929 1223 983 joco.

182 995 378 1049 Cumque
399 1008 480 1035 sua
496 995 684 1037 dominae
707 995 806 1036 date
823 1000 947 1049 grata
970 997 1202 1050 sisymbria
1222 1000 1376 1051 myrto,

237 1063 468 1116 Textaque
490 1064 737 1116 composita
749 1064 912 1118 juncea
933 1064 1075 1104 vincla
1093 1077 1211 1105 rosa.

1545 1062 1632 1104 870

180 1131 369 1183 Templa
387 1130 658 1183 frequentari
682 1131 864 1172 Collinae
885 1132 1089 1184 proxima
1108 1134 1250 1185 portae

240 1197 284 1238 N
286 1211 373 1238 unc
394 1197 539 1238 decet:
571 1211 598 1238 a
619 1198 768 1239 Siculo
788 1200 964 1239 nomina
984 1200 1094 1239 colle
1114 1203 1273 1240 tenent.

181 1274 318 1314 Imperes
344 1273 506 1310 omnibus;
546 1277 637 1313 alque
663 1274 705 1304 sis
728 1284 846 1314 semper
871 1274 927 1304 sub
953 1274 1074 1313 ingenti
1104 1275 1247 1305 Caesare:
1270 1274 1380 1305 habeas
1405 1274 1499 1305 etiam
1522 1274 1632 1305 multos

181 1317 271 1357 hujus
285 1316 427 1347 nominis.
473 1317 517 1346 Et
533 1317 649 1356 quoties
671 1316 794 1347 steteris
809 1319 944 1347 excelsus
959 1318 992 1347 in
1006 1317 1076 1347 orbe
1090 1317 1225 1356 subacto,
1246 1317 1348 1348 omnia
1360 1317 1423 1348 sint
1436 1317 1555 1348 minora
1570 1317 1632 1347 tuis

180 1359 325 1390 humeris.

415 1359 510 1389 Pales
536 1362 692 1388 cantataa
708 1359 813 1389 nobis.-
836 1360 918 1389 idem
941 1358 1074 1395 referam
1102 1359 1238 1390 Vinalia.
1288 1360 1357 1390 Una
1372 1363 1473 1390 tamen
1495 1359 1560 1390 dies
1587 1362 1632 1390 est

181 1402 265 1432 inter
290 1404 461 1440 utramque.
505 1401 624 1430 Puelloe
645 1402 824 1440 prostitutae
839 1401 965 1430 adorate
990 1400 1116 1431 numina
1136 1401 1275 1432 Veneris.
1325 1401 1427 1432 Venus
1441 1405 1486 1432 est
1501 1401 1632 1432 multum

181 1444 288 1474 idonea
298 1443 462 1483 quaestibus
471 1441 689 1482 professarum.
730 1443 828 1472 Orate
842 1442 1105 1482 pulchritudinem
1120 1446 1209 1483 atque
1216 1442 1359 1481 savorem
1366 1443 1464 1483 plebis
1475 1443 1565 1474 thure
1579 1453 1632 1473 ex-

180 1486 299 1516 hibito:
319 1484 417 1524 petite
432 1485 610 1523 blanditias,
632 1488 722 1525 atque
747 1486 832 1515 dicta
851 1484 948 1523 digna
962 1484 1045 1523 joco.
1091 1485 1194 1526 Atque
1218 1484 1329 1525 offerte
1353 1485 1517 1526 sisymbria
1537 1488 1633 1525 grata

179 1528 310 1559 dominae
325 1537 392 1557 cum
406 1537 460 1557 sua
486 1531 600 1568 myrto,
624 1531 653 1558 et
678 1528 798 1558 vincula
814 1527 928 1566 juncea
951 1528 1067 1558 inserta
1085 1537 1152 1558 cum
1176 1538 1258 1559 rosa.
1303 1528 1396 1559 Nunc
1409 1529 1495 1559 decet
1507 1527 1635 1558 delubra

173 1570 284 1608 juncta
303 1573 405 1610 portoe
433 1570 564 1601 Collina>
579 1570 751 1607 celebrari;
773 1571 884 1601 habent
900 1569 1023 1601 nomina
1038 1581 1057 1601 a
1073 1576 1174 1602 monte
1195 1570 1308 1602 Siculo.
1357 1571 1457 1611 thue
1483 1570 1634 1602 Claudius

790 1643 962 1655 “oco-ceco
968 1644 1002 1655 ‘e
1008 1644 1024 1654 e

180 1687 270 1727 vulg.
295 1686 353 1717 illi.
399 1687 543 1718 Plurimi
574 1687 676 1718 etiam
704 1687 824 1728 scripti
850 1689 933 1719 cred.
958 1687 1176 1728 possit.—-859
1200 1688 1255 1718 Fr.
1282 1687 1326 1718 sis
1349 1691 1387 1719 et.
1410 1687 1514 1719 Multi
1530 1687 1631 1719 etiam

178 1729 232 1760 sub
249 1739 359 1768 magno
371 1741 381 1760 .·
405 1734 440 1760 at
456 1731 518 1760 Be.
535 1740 603 1760 cum
619 1733 833 1769 magn.—860
859 1731 915 1763 Pr.
927 1729 969 1761 A.
988 1735 1023 1761 et
1039 1730 1126 1761 Laeti
1141 1731 1185 1761 Et
1197 1740 1314 1771 semper
1325 1731 1514 1770 plum—863
1538 1730 1632 1761 Edili

179 1772 312 1813 quidam
329 1772 397 1802 nob.
415 1776 474 1812 est,
491 1772 561 1811 jam
581 1773 618 1804 V.
642 1772 789 1805 Quidam
814 1773 916 1804 etiam
938 1772 1091 1804 scribunt
1120 1773 1359 1804 Vivam—865
1387 1773 1474 1804 Mor.
1497 1772 1633 1804 Munera

179 1815 262 1854 vulg.
285 1815 382 1845 Voss.
400 1815 655 1846 Nomium—866
678 1815 796 1846 Heius.
821 1816 938 1847 mallet
956 1817 1049 1847 Culta
1061 1815 1252 1856 profi—868
1278 1816 1329 1846 Ex
1345 1815 1480 1856 scriptis
1497 1815 1634 1856 potiori·

181 1857 241 1887 bus
258 1857 375 1888 Heius.
402 1857 576 1898 rescripsit
593 1858 664 1897 joco
691 1868 752 1898 pro
778 1859 868 1899 vulg.
894 1860 1075 1890 loca—869
1099 1859 1189 1889 Maz.
1218 1859 1337 1889 Cuncta
1359 1868 1437 1889 sua:
1460 1862 1495 1889 et
1510 1857 1631 1890 Heius.

180 1900 267 1940 conj.
289 1901 526 1931 ‹lunam—870
551 1901 653 1931 Multi
679 1901 827 1941 Tectaque
852 1911 947 1941 comp.
973 1901 1062 1932 Dein
1087 1900 1165 1932 Pet.
1179 1901 1266 1940 junc.
1281 1904 1364 1932 serta
1377 1903 1539 1932 ros—871
1567 1899 1630 1931 Be'.

181 1946 214 1973 et
232 1943 350 1973 decem
374 1942 430 1973 alii
460 1943 553 1974 Tecta
571 1942 768 1983 s⁷·eq.-—872
794 1944 911 1975 Tenent
940 1944 1092 1985 reposuit
1120 1943 1237 1975 Heius.
1266 1953 1307 1974 ex
1334 1944 1448 1974 multis
1470 1943 1627 1983 scriptis:

833 2038 972 2070 NOTAE

223 2101 284 2129 863
328 2099 467 2141 Vinalia]
519 2101 605 2133 Qnae
633 2105 664 2134 9.
706 2103 878 2135 Kalendas

181 2148 293 2180 Maias
310 2149 594 2182 celebrabantur:
621 2152 677 2182 alii
699 2153 838 2192 Veneri,
859 2163 877 2184 e

180 2199 276 2239 cujus
293 2200 420 2240 templo
440 2210 480 2231 eo
496 2201 551 2231 die
573 2202 714 2232 multum
738 2202 806 2232 vini
830 2201 877 2233 ef-

179 2247 400 2289 fundebatur,
423 2250 481 2280 alii
499 2251 579 2283 Jovi
606 2261 704 2282 sacra
724 2252 878 2283 credide-

179 2305 268 2332 runt.
313 2301 439 2332 Volunt
467 2306 580 2332 tamen
595 2301 658 2332 viri
683 2302 776 2333 docti
803 2303 877 2334 haec

179 2350 335 2389 Veneris,
350 2351 416 2382 alia
434 2360 514 2382 vero
536 2361 611 2392 quae
630 2362 745 2383 mense
757 2353 877 2384 Sextili

180 2403 232 2432 14.
257 2400 427 2431 Kalendas
441 2401 778 2442 Septembres‚J0vis
791 2413 876 2434 esse.

179 2451 327 2482 Nasonis
373 2452 511 2492 insuper
559 2454 761 2485 sententiam
807 2455 879 2495 ipse

181 2500 321 2531 videbis.

224 2554 285 2582 865
315 2552 477 2592 Vulgares]
510 2553 587 2584 Hoc
612 2553 700 2585 festo
724 2555 878 2586 meretri-

180 2601 266 2632 culae
292 2602 434 2633 Veneris
463 2602 620 2644 Erycinae
656 2606 786 2645 templa
811 2606 880 2636 adi-

180 2652 282 2690 bant3
310 2651 501 2693 oblatisque
522 2652 633 2685 floreis
660 2656 879 2695 munusculis,

179 2707 302 2734 cuncta
341 2705 551 2745 expetebant
587 2707 708 2748 quibus
752 2708 876 2749 populo

182 2755 366 2794 placerent.

975 2106 1037 2134 866
1060 2102 1180 2141 Multa]
1216 2102 1298 2142 Pro,
1323 2101 1475 2133 multum.
1513 2101 1629 2133 Venus

932 2159 984 2185 est
998 2155 1138 2185 multum
1154 2158 1245 2193 apta.

975 2206 1036 2234 868
1058 2204 1150 2244 Joco]
1173 2203 1342 2240 Venereo,
1363 2202 1504 2243 scilicet,
1520 2202 1571 2233 vel
1587 2211 1627 2233 eo

931 2258 1121 2296 spectante.

975 2307 1038 2335 869
1073 2303 1153 2344 Sua]
1201 2304 1328 2335 Veneri
1361 2303 1487 2345 quippe
1533 2311 1629 2334 sacra

932 2358 1071 2395 myrtus.

976 2403 1164 2444 Sis-ymbria]
1192 2403 1371 2434 Nasturtio
1388 2403 1530 2434 similem
1550 2403 1629 2434 faci-

933 2459 1005 2493 unt,
1033 2463 1075 2486 ex
1106 2455 1202 2494 cujus
1232 2452 1321 2484 foliis
1357 2463 1490 2485 coronae
1527 2454 1627 2484 etiam

933 2504 1169 2535 nectebantur.

977 2558 1037 2585 870
1055 2555 1171 2595 Texta]
1199 2554 1238 2585 Id
1251 2559 1314 2595 est,
1329 2564 1468 2586 coronas
1480 2564 1521 2585 ex
1537 2555 1630 2594 rosis,

927 2605 1043 2645 juncis
1058 2605 1218 2635 intextas.

976 2658 1034 2686 871
1062 2655 1198 2695 Templa]
1247 2655 1371 2685 Veneri
1398 2655 1554 2695 Erycinae
1587 2655 1630 2685 ad

933 2715 1004 2736 ean}
1021 2710 1151 2746 portam
1168 2706 1317 2737 dicatum
1338 2704 1441 2736 fnisse
1465 2706 1562 2737 testis
1580 2709 1632 2736 est

932 2756 1056 2788 Livius.
