1773 3121
184 255 298 298 2218
671 268 713 301 P.
746 270 904 301 ovmn
937 270 1149 303 NAsole

185 361 288 403 Hac
310 375 440 415 prece
462 361 643 405 adoravi
665 363 857 418 Superos
878 379 985 419 ego:
1015 367 1215 421 pluribus
1236 379 1375 420 uxor3

243 429 442 481 Singultu
461 429 632 470 medios
653 432 949 484 praepediente
972 447 1119 474 sonos.

185 495 272 536 Illa
293 495 425 536 etiam
447 499 545 537 ante
564 496 698 538 Lares
720 500 864 552 passis
885 504 1105 553 prostrata
1127 501 1301 554 capillis

245 560 439 615 Contigit
457 563 677 604 extinctos
699 578 771 605 ore
793 569 995 607 tremente
1015 566 1163 607 focos:

186 627 421 682 Multaque
442 630 488 669 in
509 642 692 671 aversos
713 632 863 674 effudit
883 635 1016 674 verba
1037 633 1241 684 Penates,

243 695 332 735 Pro
354 696 580 750 deplorato
600 711 685 738 non
706 700 888 740 valitura
906 701 1016 741 viro.

183 760 372 815 Jamque
391 775 525 804 morae
547 767 738 816 spatium
758 779 849 805 nox
866 769 1145 818 praecipitata
1161 769 1362 820 negabat,

241 828 476 880 Versaque
498 829 554 868 ab
577 841 663 869 axe
687 842 768 869 suo
791 829 1018 870 Parrhasis
1039 831 1200 874 Arctos
1222 839 1330 876 erat.

186 893 307 944 Quid
327 894 551 935 facerem?
582 896 743 936 blando
770 898 925 949 patriae
949 899 1162 939 retinebar
1184 912 1357 942 amore:

242 960 408 1002 Ultima
429 962 506 1002 sed
522 963 662 1017 jussae
683 977 771 1004 nox
792 969 885 1005 erat
904 965 982 1005 illa
1002 965 1134 1017 fugae.

187 1026 261 1069 Ah
283 1028 451 1081 quoties
474 1030 622 1083 aliquo
644 1030 737 1071 dixi
759 1035 1028 1085 properante,
1051 1032 1173 1082 Quid
1192 1045 1321 1086 urges
1336 1033 1355 1072 ¹?

244 1094 349 1146 Vel,
372 1108 460 1148 quo
481 1096 661 1138 festines
682 1098 757 1148 ire,
780 1098 851 1140 vel
871 1099 1002 1150 unde,
1025 1099 1138 1140 vide.

1583 631 1641 671 45

1587 964 1645 1006 50

178 1209 277 1248 felix,
291 1209 360 1240 Deo
377 1211 480 1243 lenito.
525 1211 595 1250 Ego
608 1216 753 1252 precatus
767 1223 836 1244 sum
861 1214 946 1245 Deos
960 1215 1016 1245 hac
1030 1214 1169 1244 oratione
1181 1223 1193 1250 ;
1216 1212 1329 1251 conjux
1341 1211 1494 1252 pluribus,
1506 1210 1647 1250 singultu

185 1251 384 1291 abrumpente
410 1253 526 1283 medias
550 1263 646 1285 voces.
707 1256 765 1285 Illa
791 1256 886 1286 etiam
912 1258 1110 1294 procumbens
1136 1266 1240 1286 coram
1266 1255 1410 1293 Laribus,
1433 1254 1526 1285 scissa
1549 1263 1648 1291 coma,

187 1294 295 1332 tetigit
313 1293 402 1330 focos
422 1296 577 1324 extinctos
592 1304 644 1325 ore
666 1299 825 1334 tremente,
846 1300 874 1326 et
891 1298 1022 1335 protulit
1047 1299 1143 1328 multa
1158 1297 1249 1327 verba
1263 1298 1408 1326 adversus
1432 1295 1568 1332 infensos
1583 1295 1648 1326 Pe-

183 1338 285 1374 nates,
311 1345 371 1366 non
395 1336 562 1373 profutara
586 1337 708 1374 perdito
736 1338 860 1366 marito.
904 1339 1035 1376 Jamque
1064 1348 1127 1367 nox
1154 1340 1319 1376 proeterita
1342 1339 1502 1368 recusabat
1528 1341 1648 1377 tempus

185 1377 362 1415 cunctandi,
377 1380 407 1406 et
429 1378 511 1406 Ursa
535 1377 690 1407 Arcadica
715 1381 782 1408 erat
809 1388 895 1408 versa
922 1378 960 1408 ab
983 1389 1042 1409 axe
1068 1388 1132 1409 sno.
1179 1380 1264 1414 Quid
1284 1377 1433 1416 agerem?
1478 1379 1648 1410 Retinebar

182 1422 276 1457 grato
302 1418 453 1449 desiderio
481 1419 621 1449 Patrioe:
654 1429 757 1450 verum
783 1421 836 1450 illa
861 1430 924 1450 ‘110ae
950 1424 1018 1451 erat
1043 1421 1206 1452 novissima
1233 1420 1326 1451 exilio
1349 1421 1544 1460 proescripto.
1596 1421 1649 1451 Ah

187 1461 307 1501 quoties
321 1461 402 1502 dixi,
414 1471 483 1491 cum
499 1461 610 1501 aliquis
614 1461 797 1503 festinaret,
813 1463 1017 1498 Quamobrem
1025 1463 1162 1501 festinas
1173 1461 1189 1494 ?
1236 1463 1350 1502 Cogita
1362 1464 1411 1494 vel
1421 1472 1478 1503 quo
1489 1472 1648 1503 properes,

801 1555 1038 1568 eeeeeeeeeeee

183 1629 282 1660 poena>
297 1629 384 1660 quoq.
406 1622 519 1652 resciat
531 1624 646 1653 α.--42
663 1622 764 1655 Barb.
779 1625 857 1654 med.
869 1623 1078 1663 praepediente
1091 1634 1156 1655 son.
1180 1625 1271 1665 vulg.
1288 1623 1568 1664 impediente—43
1586 1621 1648 1653 Pr.

189 1663 228 1693 V.
245 1667 281 1693 et
292 1667 440 1703 quatuor
450 1664 505 1694 alii
516 1668 584 1696 mit.
595 1675 667 1695 aras
676 1676 758 1705 pass.
783 1666 926 1697 Plurimi
939 1667 1042 1697 etiam
1056 1671 1090 1697 et
1103 1667 1220 1707 scripti
1235 1672 1269 1697 et
1283 1666 1366 1698 editi
1380 1666 1498 1707 sparsis
1509 1674 1571 1706 pro
1580 1674 1651 1704 pas-

186 1705 240 1735 sis.
263 1705 347 1735 Tum
364 1715 426 1745 pro
439 1710 598 1747 prostrata
612 1709 620 1724 ‘
637 1710 734 1747 prim.
748 1708 851 1740 Polit.
862 1709 1019 1740 intractu:
1043 1710 1130 1739 alter
1141 1719 1217 1740 cum
1228 1710 1358 1740 duobus
1371 1708 1624 1747 aliis‚abstracta
1635 1717 1648 1744 ‚-

188 1747 279 1777 unde
297 1748 485 1779 Politianus
502 1750 586 1789 ipse,
601 1754 720 1781 atrata.
746 1751 848 1782 Certe
860 1751 1049 1791 Hamburg.
1067 1755 1186 1783 uttrata
1197 1763 1207 1783 :
1226 1757 1262 1783 at
1274 1752 1373 1793 prim.
1387 1751 1503 1782 Vatic.
1518 1753 1648 1782 attacta.

188 1790 328 1820 Barber.
343 1792 496 1829 projecta.-
521 1792 599 1831 duo,
613 1797 732 1824 astrata
745 1803 807 1834 pro
821 1795 979 1832 adstrata;
998 1800 1035 1825 ut
1047 1795 1133 1826 Met.
1147 1803 1199 1826 1x.
1212 1796 1221 1812 ‘
1237 1798 1525 1835 asternunturque
1538 1793 1649 1833 sepul-

188 1841 246 1863 cro
256 1832 278 1862 :'
291 1833 358 1871 alii,
368 1833 685 1873 abjectambstructffl
700 1840 849 1875 attracta,
862 1837 913 1867 vel
927 1838 1094 1877 adstructo,
1108 1838 1160 1868 vel
1170 1841 1362 1877 astracta‚et
1376 1834 1520 1867 similia!
1534 1835 1648 1866 Heius.

187 1874 250 1905 Be.
268 1874 398 1914 Diffusa
407 1886 419 1911 ;
435 1877 503 1912 alii,
521 1878 667 1916 accincta,
683 1879 800 1917 ablata,
815 1883 985 1918 contracta,
999 1883 1253 1919 pertracta—44
1277 1880 1422 1914 Quidam
1439 1877 1559 1918 scripti
1570 1887 1648 1909 cum

189 1916 269 1947 edd.
285 1919 452 1949 nonnullis
471 1920 561 1951 Cont.
575 1924 747 1952 exstructos
758 1932 802 1953 or.
819 1931 869 1961 pr.
886 1923 926 1954 V.
942 1927 976 1952 et
992 1931 1052 1952 sex
1071 1922 1128 1953 alii
1149 1926 1301 1960 (εἰει-πως,-
1325 1932 1408 1953 unus
1425 1922 1469 1952 V.
1485 1923 1650 1956 externos,-

187 1959 287 1990 Voss.
314 1960 479 2001 antiquos.-
515 1963 633 1994 Heins.
661 1964 781 1994 suadet
811 1964 977 1995 hesternos.
1022 1965 1109 1995 Tum
1136 1966 1217 1996 Lov.
1247 1976 1293 1996 or.
1320 1967 1476 2005 premente
1493 1963 1646 2001 som—45

186 2001 322 2032 Aversos
337 2012 377 2032 ex
395 2004 527 2035 emend.
542 2005 660 2036 Heius.
681 2007 768 2046 vulg.
785 2008 946 2038 adversos:
970 2008 1030 2038 Be.
1046 2007 1274 2048 offensos—48
1297 2008 1443 2040 Quidam
1460 2006 1647 2046 Visaque.—

188 2045 230 2073 49
254 2044 348 2076 Unus
380 2045 469 2077 liber
494 2050 580 2087 patr.
609 2048 761 2088 tangebar
789 2053 938 2081 am.—-50
973 2050 1055 2081 Tres
1082 2051 1164 2083 Jun.
1191 2054 1228 2082 et
1253 2051 1318 2081 duo
1347 2050 1404 2081 alii
1430 2049 1475 2080 ill.
1500 2056 1646 2078 mone.—

855 2140 995 2172 NOTAE

231 2211 273 2239 42
310 2209 448 2248 Medios]
511 2210 723 2251 Imperfecta
761 2214 889 2244 verba:
947 2214 1089 2245 deberet
1106 2215 1242 2245 Numen
1258 2212 1300 2244 ab
1317 2210 1443 2251 injuria
1458 2209 1647 2241 vindicare.

188 2258 394 2298 singultibus
426 2259 706 2299 abrumpentibus
731 2262 892 2292 orationis
989 2266 1030 2293 48
1073 2262 1183 2302 Versa]
1228 2261 1394 2302 Adeoque
1422 2260 1557 2292 Aurora
1586 2270 1647 2292 seu

191 2318 338 2340 cursum.

233 2361 274 2389 45
300 2359 339 2389 In
353 2358 489 2398 aversos]
520 2360 570 2389 Ea
595 2362 648 2390 est
670 2364 799 2391 naturae
815 2369 892 2401 per-

191 2408 348 2448 versitas,
385 2419 458 2449 quae
508 2409 674 2451 hodieque
711 2411 892 2442 humanum

191 2467 296 2499 genus
313 2459 431 2488 misere
443 2458 556 2497 perdit
571 2470 578 2497 ;
604 2460 894 2502 utDeumipsum,

189 2508 268 2550 quia
309 2517 484 2546 supremus
522 2514 572 2539 est
607 2519 718 2541 rerum
755 2511 895 2550 arbiter,

191 2567 292 2598 quam
327 2566 412 2596 sese,
448 2558 505 2597 qui
544 2559 708 2590 malorum
746 2561 893 2591 omnium

189 2615 324 2638 suorum
337 2611 415 2636 sunt
428 2611 596 2645 auctores,
610 2609 730 2640 malint
739 2619 893 2648 arguere.

191 2657 282 2690 Quia
318 2658 430 2688 omnia
474 2662 586 2696 potest
621 2658 726 2698 Deus,
765 2659 893 2690 debere

188 2710 389 2744 autumant;
419 2708 515 2747 quasi
537 2717 604 2737 suae
626 2707 732 2747 ipsius
754 2718 819 2738 non
841 2718 891 2739 es-

193 2760 247 2788 set
264 2756 430 2796 potentiae
453 2756 720 2796 sapientissimus
733 2758 891 2800 idemque

192 2805 381 2838 liberrimus
406 2807 624 2850 OEconomus‚
646 2812 704 2840 aut
727 2818 800 2841 sese
825 2819 891 2841 uon

947 2310 1131 2342 diluculum
1147 2311 1306 2342 instabat.

989 2360 1173 2400 Parrhasis]
1185 2361 1287 2398 Ursa,
1300 2369 1373 2400 qnae
1383 2359 1514 2391 Graecis
1523 2359 1648 2392 Arctos

947 2410 1085 2450 dicitur,
1114 2410 1148 2440 in
1178 2419 1275 2450 quam
1311 2409 1452 2440 Callisto
1484 2410 1649 2450 Lycaonis

946 2461 1016 2491 filia
1038 2464 1167 2491 mutata
1196 2458 1370 2489 Parrha=is
1395 2468 1455 2489 seu
1481 2459 1649 2491 Arcadica

947 2511 1072 2541 dicitur
1088 2521 1106 2540 a
1123 2515 1243 2549 patria,
1266 2509 1321 2539 ubi
1339 2508 1413 2548 ejus
1432 2509 1646 2550 paterimpe-

948 2561 1034 2590 rium
1059 2559 1180 2591 tenuit.
1222 2559 1323 2589 Sidus
1348 2563 1459 2588 autem
1483 2558 1648 2599 illudjam

946 2619 1037 2649 saepe
1053 2609 1095 2639 ad
1106 2610 1219 2649 polum
1234 2608 1554 2648 septemtrionalem
1570 2617 1646 2640 esse

947 2659 1104 2690 diximus.

989 2711 1029 2738 52
1054 2707 1137 2746 Quo]
1169 2708 1208 2738 In
1229 2708 1403 2748 regionem
1419 2706 1644 2740 teterrimam.

992 2758 1095 2798 Unde]
1119 2759 1172 2789 Ex
1196 2756 1583 2798 patriajucundissima:
1607 2762 1645 2790 ut

943 2812 1065 2840 neutra
1079 2808 1122 2840 de
1137 2818 1240 2840 causa
1254 2808 1300 2840 sit
1315 2807 1552 2840 festinandum.
