1773 3121
613 237 868 269 'rms'rmnr-
891 236 987 268 Lm.
1020 237 1053 268 1.
1082 228 1125 269 2.
1481 229 1596 271 2213

136 331 263 372 Ferte
293 329 422 386 (quid
444 331 516 372 hic
533 329 649 371 facio
661 327 705 383 Ἰ)
733 328 879 382 rapidi
900 342 1002 371 mea
1023 331 1212 373 carbasa
1227 330 1364 373 venti.

190 397 417 440 Ausonios
438 400 544 439 fines
565 410 642 438 cur
660 409 759 438 mea
777 397 876 437 vela
894 398 1080 440 vident?

133 464 292 508 Noluit
312 466 396 508 hoc
417 466 592 508 Caesar:
625 465 748 519 quid,
769 478 898 520 quem
919 465 1039 520 fugat
1058 468 1149 519 ille,
1170 467 1359 509 tenetis?

190 532 399 587 Aspiciat
420 533 567 576 vultus
588 533 780 574 Pontica
800 537 912 574 terra
932 547 1069 576 meos.

133 599 190 642 Et
203 601 345 654 jubet,
368 608 412 642 et
432 602 593 644 merui:
624 615 721 651 nec,
747 615 849 655 quae
870 601 1137 643 damnaverit
1155 602 1244 651 iile,
1535 602 1594 643 95

189 666 384 709 Crimina
405 669 578 710 defendi
595 669 725 722 jusve
747 670 923 722 piumve
944 675 1066 722 puto.

131 733 180 776 Si
199 740 345 777 tamen
365 740 466 777 acta
488 737 612 777 Deos
631 749 854 789 nunquam
879 736 1082 778 mortalia
1103 736 1282 788 fallunt3

185 802 230 843 A
251 804 385 857 culpa
402 804 572 845 facinus
593 805 715 845 scitis
734 805 894 845 abesse
915 817 1031 845 mea.

129 869 270 911 Immo
290 871 379 922 ita;
409 884 491 912 vos
513 870 652 912 scitis.
700 871 749 912 Si
770 884 840 911 me
861 884 982 912 meus
1004 871 1185 912 abstulit
1206 884 1333 921 error,

185 937 413 992 Stultaque
433 951 558 979 mens
580 939 726 987 nobis,
755 951 841 979 nou
864 937 1092 989 scelerata,
1114 937 1219 979 suit:
1508 937 1593 978 100

128 1004 382 1056 Quamlibet
401 1019 424 1046 e
444 1006 649 1056 minimis,
672 1006 820 1047 domui
842 1006 880 1047 si
901 1005 1093 1048 favimus
1115 1006 1202 1058 illi;

185 1073 234 1114 Si
253 1075 363 1115 satis
385 1072 578 1126 Augusti
606 1075 787 1128 publica
801 1075 927 1130 jussa
947 1075 1075 1126 mihi3

130 1204 224 1236 Venti
238 1205 428 1236 vehementes
441 1206 541 1245 (quid
555 1206 605 1236 hic
620 1216 678 1243 ago
690 1204 730 1245 ?)
751 1206 888 1246 abripite
913 1217 981 1236 mea
1006 1207 1072 1236 vela
1085 1216 1096 1241 ,·
1119 1205 1314 1245 quamobrem
1331 1213 1397 1234 mea
1414 1204 1510 1234 lintea
1527 1212 1591 1234 cer-

125 1250 203 1277 nunt
219 1247 305 1288 fines
331 1245 454 1277 Italos?
493 1248 602 1277 Caesar
624 1247 679 1278 hoc
705 1247 805 1278 noluit
818 1258 828 1278 .·
851 1257 906 1278 cur
931 1247 1073 1278 retinetis
1098 1257 1187 1287 quem
1211 1246 1264 1277 ille
1289 1246 1444 1285 expellit?
1491 1246 1592 1276 Tellus

123 1289 257 1320 Pontica
273 1289 376 1319 videat
399 1298 498 1320 meam
512 1288 641 1326 faciem.
688 1290 733 1319 Et
748 1290 892 1329 imperat,
913 1293 942 1319 et
965 1291 1079 1328 dignus
1093 1299 1179 1320 sum:
1201 1299 1296 1329 neque
1311 1288 1448 1319 arbitror
1466 1287 1521 1327 fas
1536 1291 1592 1318 aut

118 1331 207 1372 pium
213 1331 347 1371 flagitia
359 1331 494 1369 defendi,
508 1342 576 1371 quae
588 1332 642 1361 ille
657 1331 812 1370 arguerit.
859 1331 897 1362 Si
912 1334 1014 1362 tamen
1021 1331 1113 1368 sacta
1129 1332 1286 1362 hominum
1302 1341 1457 1370 nunquam
1473 1330 1592 1361 occulta

122 1377 195 1404 sunt
219 1374 319 1410 Dii-m
343 1377 531 1413 compertum
548 1373 668 1404 habetis
685 1373 854 1413 flagitium
876 1374 965 1413 longe
980 1383 1042 1405 esse
1063 1374 1102 1404 ab
1116 1383 1217 1404 errore
1233 1383 1308 1405 mea.
1354 1374 1452 1403 Immo
1468 1373 1525 1412 ita,
1540 1382 1593 1404 vos

123 1416 241 1447 nostis.-
265 1416 292 1446 si
309 1426 374 1447 mea
387 1417 570 1455 ignorantia
590 1426 637 1447 me
652 1416 802 1456 abripuit,
819 1420 847 1447 et
863 1417 984 1447 animus
1002 1416 1090 1447 nobis
1098 1416 1166 1454 suit
1183 1417 1346 1456 desipiens,
1360 1425 1418 1446 non
1428 1415 1591 1453 nefarius:

121 1459 161 1499 si,
174 1468 346 1499 quanquam
360 1468 400 1490 ex
417 1458 620 1499 tenuissimis,
634 1459 738 1490 devoti
752 1458 876 1496 suimus
898 1459 945 1490 illi
968 1460 1071 1490 domui
1082 1470 1094 1497 ;
1115 1460 1142 1490 si
1155 1459 1279 1499 publica
1294 1460 1439 1489 mandatu
1451 1457 1591 1498 Augusti

737 1553 974 1565 eeeeeeeeeeee

123 1618 331 1651 Heins.—91
356 1618 500 1649 Plurimi
514 1628 581 1650 mea
591 1628 719 1659 corpora
733 1621 815 1649 vent.
841 1619 892 1649 Ex
906 1619 993 1660 conj.
1007 1618 1126 1650 Heins.
1139 1617 1329 1659 reponebat
1341 1617 1480 1657 carbasa,
1496 1617 1588 1658 quod

121 1666 243 1703 postea
258 1661 289 1692 ei
304 1661 521 1693 confirmavit
531 1661 717 1702 Gottorpli.
729 1671 843 1692 cornua
854 1661 1042 1702 Hamburg.
1052 1662 1143 1702 quod
1157 1671 1266 1702 neque
1282 1661 1402 1692 Heius.
1415 1660 1586 1701 displicet.

120 1707 206 1736 —92
229 1705 378 1736 Strozzae
392 1705 469 1746 quid
484 1714 545 1745 pro
559 1714 624 1736 cur.
648 1705 731 1735 Mox
748 1705 781 1735 in
793 1714 866 1736 voc.
878 1705 985 1736 vident
1002 1705 1134 1736 variant
1149 1705 1230 1735 Mss.
1246 1704 1302 1745 qui
1319 1703 1460 1742 habent,
1471 1706 1590 1743 tenent,

111 1748 240 1787 juvant,
269 1751 390 1788 covent,
413 1748 530 1786 volant,
558 1751 688 1788 petunt:
711 1748 777 1787 vel,
802 1750 874 1778 vota
900 1748 1015 1787 colunt,
1049 1751 1121 1778 vota
1146 1748 1347 1778 volunt—94
1370 1746 1467 1778 Unus
1492 1745 1588 1777 Med.

119 1791 269 1832 Aspia-ias
292 1792 457 1822 vult-96
478 1791 582 1830 Vulg.
604 1789 697 1828 fasce
708 1792 853 1831 piumve.-
885 1790 946 1822 sed
969 1790 1027 1828 sas
1041 1796 1093 1822 est
1110 1789 1199 1821 idem
1216 1789 1304 1831 quod
1318 1789 1418 1830 pium,
1441 1788 1587 1831 ideoque

120 1833 221 1874 Regii
237 1833 366 1865 codicis
382 1833 555 1874 scriptura
568 1834 812 1874 placet,ju⁸que
825 1833 978 1874 piumque.
992 1834 1069 1864 Vid.
1081 1833 1121 1864 ad
1138 1833 1280 1864 Patron.
1292 1843 1368 1874 cap.
1385 1835 1458 1863 108.
1477 1832 1586 1863 Burm.

119 1878 206 1908 ——99
216 1876 282 1908 Illa
295 1886 348 1907 vos
362 1877 452 1907 scitis
465 1877 583 1908 Burm.
599 1876 695 1907 malit
711 1876 906 1917 parenthesi
921 1876 1139 1908 concludere.
1170 1876 1337 1907 Nonnulli
1353 1875 1379 1906 si
1394 1875 1495 1915 scitis,
1508 1874 1583 1915 plu-

119 1918 197 1950 rimi
210 1929 281 1950 vos:
300 1919 360 1950 Be.
372 1924 407 1950 et
420 1924 566 1960 quatuor
578 1919 634 1950 alii
646 1920 708 1955 sic;
732 1919 899 1960 Excerpt.
910 1919 1009 1950 Voss.
1020 1920 1090 1950 sed:
1109 1919 1227 1950 Heius.
1239 1920 1341 1950 etiam
1356 1922 1474 1949 censet
1485 1925 1586 1958 posse

118 1961 186 2003 legi
202 1961 261 1993 Di.
276 1961 361 1993 'rum
377 1961 605 1993 Medonianus
621 1972 669 1992 me
680 1962 778 1993 malus
789 1961 870 1993 abst.
885 1961 1016 2000 Arund.
1031 1971 1116 1993 meus
1127 1962 1250 2002 impulit
1261 1964 1429 1993 erin—100
1444 1961 1484 1991 P.
1496 1960 1538 1992 V.
1550 1963 1586 1992 et

118 2003 197 2035 Pol.
208 2004 345 2044 Stultaq.
355 2014 412 2034 non
424 2004 599 2036 nob.—101
616 2004 792 2039 Quamlibet
802 2014 843 2034 ex
858 2004 977 2036 Heius.
992 2005 1124 2036 emend.
1136 2009 1172 2035 et
1184 2005 1232 2035 sic
1244 2004 1346 2035 etiam
1363 2009 1432 2035 tres
1444 2002 1583 2043 scripti:

118 2046 211 2087 vulg.
229 2046 320 2081 Quod
335 2048 426 2077 licet.-
463 2051 532 2078 tres
552 2047 748 2083 Quamlicet5
770 2047 919 2089 quinque
936 2047 1007 2082 Qua
1020 2048 1213 2079 licet.-—102
1229 2046 1286 2078 Sic
1301 2046 1430 2087 vulgati
1446 2045 1583 2076 liabent.

120 2088 256 2130 Gryph.
275 2094 311 2120 et
334 2089 494 2121 Vincent.
518 2089 593 2121 Sint
608 2093 669 2121 sat.
715 2090 786 2121 Pro
804 2090 895 2128 jussa
923 2090 1058 2132 quidam
1081 2090 1158 2121 visa.
1204 2091 1362 2123 Quatuor
1386 2093 1472 2119 vett.
1491 2087 1583 2126 jussa

119 2132 201 2168 tuit}
223 2136 259 2163 et
275 2131 462 2173 Gottorph.
487 2133 566 2163 mei:
593 2132 668 2163 Pol.
692 2142 745 2172 pr.
766 2133 833 2164 visa
850 2132 945 2170 mihi,·
971 2133 1105 2173 Fragm.
1121 2132 1296 2163 Boxhorn.
1323 2140 1397 2162 cura
1415 2130 1495 2169 suit.
1542 2130 1584 2161 In

119 2174 249 2215 scripto
265 2173 403 2216 antiquo
419 2179 495 2206 erat
509 2175 638 2214 visula-⁸1,
649 2174 740 2215 quod
755 2174 873 2206 Heius.
889 2174 1039 2206 faciebat
1053 2175 1120 2206 visa
1133 2175 1224 2206 satus.
1249 2173 1297 2206 At
1312 2183 1373 2214 pro
1387 2174 1466 2204 satis
1479 2172 1584 2204 etiam

118 2217 207 2259 conj.
223 2217 300 2250 laria
315 2217 568 2258 reponendum3
590 2217 681 2248 unde
696 2226 831 2248 versum
845 2217 1024 2249 constituit
1037 2217 1074 2248 Si
1094 2218 1171 2248 laris
1192 2218 1221 2248 A
1254 2226 1286 2256 p.
1300 2217 1367 2246 visa
1380 2216 1474 2247 satus.
1520 2215 1583 2246 Cui

119 2260 290 2292 consentit
305 2260 410 2290 etiam
426 2260 544 2290 Burm.
570 2258 635 2289 nisi
661 2259 751 2307 quod
775 2260 877 2299 patria
899 2260 974 2291 vice
999 2259 1076 2290 laris
1099 2258 1281 2300 legendum
1308 2262 1447 2290 censet:
1471 2266 1582 2298 neque

118 2302 241 2342 probat
256 2302 490 2342 conjecturam
509 2301 572 2332 viri
588 2301 681 2332 docti
698 2301 730 2331 in
745 2300 984 2342 Supplement.
1007 2301 1127 2333 Actor.
1151 2301 1318 2341 Lipsiens.
1351 2301 1446 2331 Toni.
1475 2308 1524 2330 vr.
1550 2302 1582 2331 2.

120 2355 154 2384 p.
186 2347 239 2377 78.
284 2344 381 2385 Sique
402 2347 475 2375 rata
500 2344 542 2375 A.
568 2353 600 2385 p.
617 2344 708 2384 jussa
723 2344 811 2376 mihi.
857 2344 928 2375 Pro
944 2344 1035 2385 vulg.
1050 2344 1129 2376 milii
1143 2344 1263 2375 Heius.
1280 2352 1414 2385 quoque
1430 2353 1472 2374 cx
1500 2342 1583 2374 Got-

780 2449 921 2482 NOTAE

160 2540 203 2569 92
225 2536 393 2578 Ausonios]
420 2535 545 2567 Italos:
569 2534 613 2566 ab
628 2533 822 2566 Ausonibus
875 2544 1011 2578 semper
1024 2539 1126 2567 nutus
1137 2538 1174 2566 et
1190 2533 1336 2574 simplex
1349 2532 1504 2563 voluntas
1519 2541 1580 2572 pro

120 2586 246 2629 partim
262 2585 445 2626 derivatos,
459 2585 501 2616 ad
519 2594 602 2627 quos
620 2585 651 2616 vi
676 2590 823 2625 tempcs-
874 2586 950 2627 lege
986 2584 1073 2625 fuit;
1110 2590 1149 2616 ut
1185 2593 1356 2624 nunquam
1394 2582 1484 2623 quod
1521 2583 1578 2613 ille

121 2637 203 2670 tatis
212 2635 336 2668 relicto
347 2635 452 2676 priori
463 2644 561 2666 cursu
574 2634 822 2667 referebantur.
874 2635 1011 2677 publice
1028 2635 1213 2668 sanciverit
1236 2632 1278 2665 ad
1292 2643 1344 2665 ine
1361 2632 1466 2664 etiam
1483 2641 1578 2673 spec-

165 2689 224 2718 101
250 2684 416 2725 favimus]
447 2684 598 2717 Nimium
614 2685 823 2727 nimiumque
875 2692 951 2718 tare
978 2687 1050 2719 siue
1077 2687 1166 2718 omni
1197 2682 1479 2724 tergiversatione
1511 2692 1577 2714 nou

120 2737 266 2776 faverat,
281 2734 447 2777 siquidem
459 2744 573 2766 amare
589 2740 642 2767 est
657 2735 784 2767 favere.
875 2737 1093 2769 crediderim.

164 2791 225 2820 102
248 2785 386 2827 sinatis]
403 2785 443 2817 ld
456 2790 522 2827 est,
532 2786 568 2818 Si
581 2785 661 2817 mihi
675 2785 821 2827 Augusti
