1773 3121
211 213 327 257 1882

700 226 742 256 P.
775 226 933 256 ovmu
968 226 1182 257 NASONIS

215 319 319 362 Una
338 320 491 362 domus
512 321 630 361 vires
650 323 693 362 et
712 334 822 362 onus
843 326 1096 376 susceperat
1117 322 1252 363 Urbis
1271 335 1280 362 ε

273 388 461 430 Sumunt
482 388 666 446 gentiles
689 402 809 430 arma
829 390 1032 443 professa
1052 403 1223 430 manus.

215 455 441 510 Egreditur
461 457 619 497 castris
642 456 769 497 miles
791 471 1028 510 generosus
1050 459 1105 498 ab
1127 458 1263 499 isdem
1282 470 1293 508 3

272 524 312 564 E
332 525 430 578 quis
453 524 545 564 dux
567 523 660 564 fieri
683 525 865 578 quilibet
881 531 1012 580 aptus
1034 530 1138 567 erat.

1594 523 1679 566 200

216 589 461 632 Carmentis
479 598 620 645 portae
644 593 800 634 dextro
824 594 895 634 via
916 595 1126 647 proxima
1146 592 1175 634 J
1179 606 1264 633 ano
1287 595 1368 633 est.

271 657 342 699 Ire
361 672 439 712 per
458 659 570 700 hanc
589 661 693 710 noli,
715 661 918 715 quisquis
939 675 1011 713 es;
1043 675 1167 702 omen
1185 660 1328 701 habet.

213 725 318 779 [Illa
337 727 458 768 fama
476 727 603 769 refert
624 727 790 768 Fabios
811 730 957 769 exisse
978 732 1211 769 trecentos.

273 795 411 853 Porta
430 798 561 835 vacat
581 795 712 847 culpa
729 809 739 846 ;
773 795 849 835 sed
873 800 1017 835 tamen
1039 808 1167 836 omen
1185 793 1354 846 habet]

215 861 277 904 Ut
297 863 423 903 celeri
444 874 586 914 passu
607 861 858 901 Cremeram
879 861 1062 913 tetigere
1084 875 1308 914 rapacem,

1593 861 1679 903 205

270 928 516 983 (Turbidus
536 928 740 982 hybernis
766 929 837 968 ille
857 928 1021 969 fluebat
1042 926 1212 982 aquis,)

219 1065 408 1097 Veientibus.
458 1065 528 1096 Una
555 1066 660 1096 domus
685 1070 861 1106 susceperat
886 1067 967 1098 vires
993 1070 1023 1098 et
1049 1076 1125 1098 onus
1145 1065 1258 1097 Urbis:
1282 1075 1391 1097 manus
1403 1064 1537 1105 gentiles
1551 1064 1677 1105 capiunt

214 1118 301 1139 orma
315 1107 464 1148 professa.
512 1108 609 1138 Miles
623 1110 767 1139 cordatus
779 1109 888 1149 prodit
902 1120 942 1141 ex
956 1109 1068 1141 castris
1093 1110 1216 1146 iisdem,
1242 1118 1282 1139 ex
1296 1108 1402 1148 quibus
1417 1107 1516 1148 quivis
1530 1110 1598 1138 erat
1613 1107 1679 1137 ido-

214 1161 290 1181 neus
304 1150 383 1192 fieri
398 1150 577 1189 imperator.
628 1151 687 1182 Via
699 1155 798 1190 portae
813 1153 990 1183 Carmentis
1006 1155 1050 1183 est
1060 1152 1173 1190 juncta
1188 1152 1271 1182 Jano
1286 1153 1409 1182 dextro.
1457 1151 1506 1181 Ne
1521 1159 1612 1180 exeas
1622 1160 1679 1189 per

215 1203 293 1231 eam,
308 1193 445 1233 quisquis
461 1202 512 1227 es;
536 1192 625 1222 habet
642 1194 764 1223 malum
782 1204 879 1225 omen.
925 1196 1045 1226 Rumor
1061 1197 1106 1224 est
1131 1197 1284 1224 trecentos
1300 1193 1414 1224 Fabios
1434 1193 1587 1233 prodiisse
1611 1192 1678 1223 itta.

216 1236 315 1265 Porta
330 1238 377 1265 est
399 1237 514 1271 ιἠεοηε,
540 1235 593 1265 sed
607 1238 710 1265 tamen
726 1239 772 1266 est
796 1237 942 1268 ominosa.
988 1237 1159 1275 Postquam
1176 1239 1322 1266 venerunt
1347 1236 1408 1266 cito
1421 1237 1525 1274 gradu
1539 1237 1581 1266 ad
1594 1235 1679 1275 rapi-

213 1278 285 1308 dum
301 1275 439 1308 fluvium
459 1277 649 1317 Cremeram,
671 1278 746 1318 (ille
763 1278 904 1309 currebat
929 1279 1066 1310 tumidus
1081 1278 1171 1318 aquis
1186 1278 1342 1318 hybernis,
1346 1277 1367 1317 )
1382 1277 1426 1308 ibi
1441 1281 1545 1308 castra
1560 1280 1679 1308 metan-

825 1373 920 1384 »eut-e

217 1436 353 1475 plurimi
383 1437 485 1467 etiam
518 1436 573 1466 alii
602 1436 730 1466 habent
759 1437 972 1467 armis—197
996 1438 1092 1467 Unus
1117 1438 1197 1468 Pat.
1221 1439 1301 1468 dom.
1327 1447 1416 1468 curas
1446 1440 1476 1467 et
1499 1437 1560 1467 vir.
1585 1436 1677 1477 quod

217 1479 334 1509 Burin.
352 1483 453 1518 putat
468 1479 512 1516 τῷ
525 1483 697 1518 susceperat
714 1478 833 1508 melius
851 1478 1044 1517 convenire,
1055 1479 1208 1519 citatque
1224 1479 1370 1511 Quintil.
1388 1479 1429 1509 de
1445 1479 1561 1510 Instit.
1580 1479 1679 1511 Orat.

217 1529 252 1551 x.
268 1523 298 1551 2.
321 1521 330 1536 ‘
346 1521 385 1551 In
404 1521 621 1560 suscipiendo
639 1530 740 1551 onere
754 1521 913 1551 consulat
927 1530 1002 1551 suas
1021 1521 1242 1553 vires.’—l‘.)8
1267 1521 1352 1552 Cod.
1370 1521 1471 1559 Laeti,
1487 1524 1522 1550 et
1537 1530 1622 1552 nnus
1639 1522 1688 1553 Fr

218 1562 338 1593 Sumite
353 1566 551 1602 genn—199
574 1564 614 1594 V.
631 1564 695 1593 mil.
710 1567 879 1602 generatus
893 1563 930 1594 ab
946 1563 1110 1595 isd.—201
1138 1563 1240 1595 Liber
1256 1564 1371 1594 Ursin.
1387 1564 1478 1594 Maz.
1495 1563 1626 1594 Zulich.
1641 1569 1678 1596 et

217 1614 276 1635 sex
294 1605 350 1635 alii
375 1605 537 1636 Carmenti.
560 1610 642 1646 port.
680 1607 770 1637 Dein
788 1606 845 1636 Fr.
868 1609 951 1646 port.
977 1607 1027 1636 via
1052 1608 1180 1638 demtera
1204 1616 1294 1646 prox.
1319 1606 1482 1638 Nonnulli
1497 1605 1602 1637 etiam
1618 1616 1676 1647 po-

217 1651 300 1678 nunt
315 1647 352 1677 τὸ
368 1653 420 1679 est
437 1653 515 1689 post
530 1649 759 1680 dextra-202
788 1648 948 1687 Qua’fera
960 1659 1067 1680 nomen
1083 1649 1173 1680 habet
1189 1649 1305 1680 Ursini
1321 1649 1410 1680 liber
1427 1659 1435 1679 ε
1461 1658 1527 1679 non
1543 1648 1653 1689 probo
1668 1659 1677 1687 ;

216 1691 364 1721 scelerata
382 1691 469 1721 enim
487 1691 589 1730 dicta,
605 1696 643 1722 ut
670 1701 711 1721 ex
743 1692 843 1722 Festo
860 1695 970 1731 patet,
984 1702 1051 1722 non
1066 1702 1144 1723 sera.
1188 1692 1338 1732 Sequens
1366 1691 1536 1722 distichon
1553 1691 1595 1722 ab
1612 1691 1678 1722 Ur-

218 1733 291 1771 sini,
320 1734 453 1765 Petavii
468 1739 505 1765 et
521 1734 595 1765 aliis
613 1734 814 1775 quibusdam
832 1734 940 1765 abest.
975 1735 1088 1766 Heius.
1123 1735 1198 1766 Nec
1214 1735 1270 1766 Fr.
1287 1734 1509 1765 habet.—205
1538 1734 1679 1772 Tetigere

218 1784 260 1806 ex
273 1776 366 1807 libris
389 1777 545 1818 scriptis:
571 1777 712 1817 Vulgati
737 1787 814 1808 cum
838 1787 905 1808 uno
932 1777 1027 1809 Med.
1044 1787 1108 1809 uno
1126 1778 1215 1809 Mor.
1231 1782 1266 1809 et
1281 1787 1334 1818 pr.
1353 1776 1417 1808 Ed.
1434 1779 1676 1809 tenuere-206

880 1901 1024 1932 NOTAE

219 1984 402 2014 Romanam
418 1985 626 2022 potestatem
644 1981 774 2012 redacti
789 1985 876 2012 sunt.

262 2034 323 2062 196
363 2032 421 2062 Ter
441 2032 576 2071 centum]
617 2032 685 2062 Sex
710 2041 792 2071 ergo
816 2041 920 2071 supra

217 2086 388 2113 trecentos
419 2091 485 2112 uno
527 2082 581 2113 die
619 2082 761 2112 mactati
802 2082 919 2120 Fabii;

217 2141 371 2173 unusque
387 2142 429 2162 ex
441 2141 481 2162 ea
494 2137 594 2171 gente
611 2130 794 2172 superfuit,
805 2132 860 2172 qui
876 2131 919 2162 ob

217 2182 428 2223 impuberem
466 2185 603 2226 aetatem
643 2174 733 2212 d'omi
780 2181 919 2213 relictus

218 2241 324 2273 genus
340 2231 465 2262 deinde
483 2231 695 2272 propagavit.

261 2284 322 2312 19⁷
345 2280 542 2321 susceperat]
574 2281 660 2312 Haec
677 2280 814 2313 fuerunt
831 2281 918 2313 Con-

216 2331 295 2362 sulis
322 2331 425 2362 verba
449 2341 510 2371 pro
542 2331 723 2362 Fabiorum
749 2337 849 2372 gente
876 2332 916 2362 ad

216 2382 390 2421 Senatum,
403 2381 451 2412 uti
468 2380 574 2413 refert
587 2382 701 2413 Livius
716 2394 724 2421 ;
747 2384 755 2399 ‘
771 2382 918 2414 Assiduo

215 2433 323 2473 magis
341 2442 441 2473 quam
456 2442 578 2473 magno
590 2434 748 2473 praesidio
761 2436 813 2474 (ut
825 2434 917 2466 scitis

217 2483 259 2515 P.
272 2481 341 2523 C.)‚
358 2482 483 2513 bellum
499 2482 623 2513 Veiens
641 2489 732 2523 eget.
767 2485 835 2515 Vos
852 2485 917 2516 alia

217 2533 307 2564 bella
317 2536 448 2570 curate,
460 2532 581 2563 Fabios
591 2534 705 2564 hostes
713 2535 917 2566 Veientibus

217 2582 310 2614 date.
370 2581 538 2613 Auetores
569 2593 692 2622 snmus,
724 2589 831 2616 tutam
871 2586 918 2616 ibi

217 2633 432 2673 majestatem
471 2633 612 2663 Romani
651 2635 795 2665 nominis
832 2636 917 2668 fore.

218 2681 385 2714 Nostrum
421 2681 455 2711 id
486 2682 594 2721 nobis,
627 2684 720 2714 velut
751 2683 917 2716 familiare

219 2731 358 2770 bellum,
367 2730 501 2771 privato
511 2736 620 2763 sumtu
632 2742 751 2773 gerere
760 2727 796 2764 in
806 2735 916 2766 animo

219 2785 284 2814 est.
344 2780 550 2824 Respublica
581 2786 616 2814 et
649 2783 756 2817 milite
781 2784 850 2818 illic
881 2790 916 2816 et

973 1981 1120 2022 pecunia
1136 1981 1258 2013 vacet.’

1016 2033 1079 2062 199
1105 2030 1293 2070 Generosus]
1318 2029 1459 2062 Scilicet
1470 2029 1594 2061 nobilis
1610 2029 1677 2062 fuit

974 2091 1056 2122 gens
1080 2081 1185 2112 Fabia
1199 2092 1207 2119 ;
1233 2091 1332 2122 quam
1347 2080 1449 2112 etiam
1465 2089 1508 2111 ex
1520 2082 1675 2112 Deorum

974 2132 1101 2162 semine
1123 2142 1278 2164 manasse
1294 2131 1446 2163 nonnulli
1462 2131 1674 2163 arbitraban-

975 2186 1041 2220 tur,
1054 2182 1128 2212 aliis
1142 2182 1183 2212 ad
1197 2181 1394 2222 Nympham
1408 2182 1588 2224 quandam,
1601 2182 1674 2214 aliis

973 2232 1014 2263 ad
1032 2232 1231 2270 Herculem,
1249 2231 1488 2263 referentibus.

1016 2285 1076 2313 201
1104 2281 1228 2322 Portoe]
1269 2282 1355 2315 Quae
1371 2285 1408 2312 et
1432 2281 1616 2313 Veientina
1638 2285 1675 2314 et

970 2332 1131 2373 Tarpeia,
1146 2333 1321 2364 Scelerata
1337 2332 1438 2364 etiam
1455 2342 1474 2363 a
1491 2332 1673 2364 Fabiorum

973 2383 1071 2414 clade
1085 2382 1180 2414 dicta
1200 2388 1264 2413 est.

1015 2433 1156 2473 Dextro]
1184 2433 1206 2465 J
1210 2433 1264 2463 ani
1280 2433 1444 2473 templum
1460 2431 1502 2463 ad
1515 2432 1672 2464 dextram

972 2481 1038 2512 fuit
1052 2482 1308 2522 prodeuntibus.

1015 2534 1078 2563 202
1094 2532 1207 2572 Omen]
1225 2532 1368 2571 Malum,
1383 2531 1529 2571 scilicet,
1549 2532 1592 2563 ob
1610 2533 1637 2564 F
1638 2543 1671 2565 a·

973 2582 1102 2613 biorum
1120 2581 1263 2612 caedem.

1015 2634 1076 2662 205
1117 2631 1308 2673 Cremeram]
1346 2632 1415 2664 Qui
1452 2631 1574 2664 fluvius
1606 2632 1672 2665 fuit

970 2683 1089 2712 'lliusc
1084 2691 1122 2712 ιω
1140 2691 1204 2712 non
1221 2682 1319 2721 longe
1337 2692 1356 2713 a
1369 2682 1476 2713 Veiis.

1014 2731 1184 2772 Rapacem]
1226 2732 1314 2764 Quia
1350 2732 1514 2766 imbribus
1547 2737 1668 2766 auctus

971 2785 1092 2828 rapido
1109 2794 1208 2816 cursu
1224 2783 1412 2818 ferebatur.
