1773 3121
217 206 331 250 2080
705 218 744 248 Ρ.
775 217 934 247 ovum
967 215 1178 247 NAsouis

219 311 311 362 Sic,
332 311 438 365 quia
457 322 589 364 posse
609 308 739 350 datur
759 309 958 351 diversas
977 309 1152 350 reddere
1177 320 1353 357 causas,
1637 307 1666 346 5

277 378 380 429 Qua
399 378 509 418 ferar
527 377 675 428 ignoro
693 390 702 417 :
735 377 950 430 copiaque
971 376 1068 430 ipsa
1092 379 1234 416 nocet.

220 446 383 495 Dicite,
407 457 506 497 quae
527 443 669 484 fontes
690 442 991 497 Aganippidos
1013 442 1314 496 Hippocrenes

276 512 413 554 Grata
435 510 659 551 Medusaei
679 511 804 563 signa
821 511 974 550 tenetis
993 510 1107 563 equi.

219 579 478 621 Dissensere
500 578 624 619 Deae.
687 577 882 628 Quarum
904 576 1191 631 Polyhymnia
1211 576 1348 629 coepit

276 646 438 687 Prima.
498 644 642 685 Silent
661 645 775 695 aliae,
797 645 1004 698 dictaque
1025 648 1162 686 mente
1188 646 1352 684 notant.
1609 640 1664 683 10

219 713 328 754 Post
348 713 498 762 chaos,
519 716 567 752 ut
588 713 774 765 primum
796 711 897 752 data
917 715 1016 752 sunt
1037 711 1120 751 tria
1142 722 1329 763 corpora
1349 708 1525 759 mundo,

276 779 416 832 Inque
435 791 569 819 novas
591 778 761 830 species
783 789 910 816 omne
928 777 1105 816 recessit
1121 789 1259 829 opus;

219 846 419 888 Pondere
440 848 551 884 terra
571 857 650 883 suo
673 836 887 891 Subsedit,
911 847 954 882 et
974 854 1154 894 aequora
1172 843 1329 884 traxit:

274 911 334 953 At
355 911 513 952 coelum
533 910 690 950 levitas
712 910 756 949 in
776 909 877 950 loca
897 921 1064 949 summa
1084 908 1193 949 tulit.

216 1045 246 1072 et
261 1041 369 1073 dubias
392 1042 487 1072 nescit
504 1051 562 1081 qua
578 1040 619 1070 sit
635 1039 696 1070 sibi
711 1040 932 1070 incedendum.-
952 1039 1009 1079 sic,
1026 1039 1099 1079 quia
1120 1038 1191 1069 licet
1213 1047 1299 1078 posse
1313 1039 1386 1069 clare
1400 1038 1505 1069 varias
1517 1040 1664 1080 rationes,

215 1084 314 1116 nescio
329 1095 387 1125 qua
400 1094 540 1125 pergam,
556 1086 646 1123 atque
661 1083 729 1122 ipsa
749 1082 938 1113 abundantia
958 1082 1051 1113 obest.
1095 1081 1238 1121 Aperite,
1255 1091 1326 1119 vos,
1341 1091 1408 1121 qaae
1420 1081 1582 1121 possidetis
1588 1081 1664 1119 fon-

216 1132 262 1158 tes
276 1127 488 1167 Aganippidos
506 1126 715 1165 Hippocrenes
721 1125 858 1163 jucunda
873 1125 1002 1163 vestigia
1014 1124 1082 1164 equi
1094 1124 1256 1155 Medusaei.
1302 1125 1380 1155 Deoe
1394 1123 1426 1154 in
1440 1127 1545 1163 partes
1560 1124 1664 1155 varias

216 1170 377 1200 abierunt.-
401 1178 529 1209 quarum
545 1168 752 1208 Polyhymnia
767 1168 859 1207 coepit
873 1168 974 1207 prima
986 1177 996 1197 .·
1018 1167 1088 1197 aliae
1100 1169 1214 1204 tacent,
1230 1169 1259 1196 et
1271 1166 1429 1197 observant
1444 1165 1536 1197 verba
1549 1167 1662 1197 animo.

216 1212 294 1242 Post
314 1212 424 1250 Chaos,
439 1214 473 1241 ut
498 1211 634 1250 primum
649 1210 712 1240 tria
729 1219 856 1249 corpora
879 1211 954 1239 data
968 1213 1039 1239 sunt
1054 1210 1175 1247 mundo,
1190 1212 1219 1238 et
1235 1219 1320 1238 omne
1334 1218 1408 1248 opus
1430 1209 1508 1239 abiit
1522 1209 1555 1240 in
1571 1217 1664 1239 novas

215 1254 340 1294 species,
353 1255 444 1284 tellus
460 1253 596 1283 subsedit
616 1262 671 1282 sua
688 1252 775 1291 mole,
790 1255 881 1291 atque
903 1252 1008 1291 rapuit
1029 1252 1148 1281 maria.-
1171 1253 1205 1280 at
1220 1251 1327 1280 levitas
1341 1250 1414 1280 tulit
1429 1251 1535 1281 coelum
1550 1251 1583 1281 in
1598 1252 1663 1282 loca

822 1323 1052 1334 Meet-‘mer'

259 1372 278 1399 2
301 1369 382 1401 Jun.
402 1369 479 1402 Quae
494 1371 553 1398 sat.
570 1371 606 1398 et
621 1368 681 1398 Be.
700 1368 861 1397 Dana—5
886 1366 946 1397 Pr.
971 1366 1012 1397 Α.
1041 1371 1076 1396 et
1103 1366 1188 1396 Laeti
1215 1366 1300 1396 liber
1321 1366 1383 1397 div.
1399 1377 1518 1398 noscere
1534 1377 1661 1398 caus.—

215 1414 235 1441 6
260 1410 363 1441 Multi
380 1409 498 1449 scripti
515 1414 550 1439 et
566 1409 652 1439 Edd.
677 1408 885 1446 Quoser.—8
910 1409 976 1438 Pro
1003 1408 1104 1437 Grata
1122 1408 1240 1438 Heius.
1258 1408 1375 1438 scribit
1403 1409 1526 1445 Graia;
1550 1419 1662 1441 exem-

216 1453 348 1493 plisque
364 1455 529 1481 monstrat
544 1451 600 1481 has
618 1460 717 1481 voces
735 1459 826 1490 saepe
852 1449 1026 1480 confundi.
1053 1451 1166 1480 Burm.
1190 1454 1301 1480 autem
1323 1450 1377 1481 hic
1397 1450 1501 1482 Grata
1517 1452 1664 1482 retinen·

215 1495 293 1525 dum
306 1498 422 1525 censet
435 1504 443 1531 3
455 1493 463 1509 ‘
477 1494 571 1533 signa
587 1493 674 1523 enim
693 1493 750 1523 illa
763 1495 858 1531 grata
874 1492 996 1532 po'e'tis,
1008 1492 1087 1532 quia
1104 1501 1224 1532 aquam
1240 1491 1331 1522 illam
1349 1502 1531 1532 perennem
1547 1493 1663 1524 edide-

214 1541 306 1577 runt,
322 1536 412 1567 unde
435 1536 620 1576 irrigantur
644 1540 760 1566 vatum
783 1535 929 1566 ora.'——9
952 1535 1116 1566 Dissedere
1130 1536 1257 1574 primus
1274 1535 1510 1575 Farnesianus,
1527 1536 1662 1577 elegan-

213 1585 286 1611 ter:
309 1579 358 1610 sic
376 1579 461 1609 Met.
480 1588 540 1609 xv.
556 1581 630 1609 648.
655 1579 664 1595 ‘
682 1578 836 1609 Dissidet
851 1582 886 1608 et
909 1578 1019 1608 variat
1036 1577 1225 1608 sententia!
1248 1577 1315 1608 Sed
1332 1578 1359 1608 si
1376 1578 1488 1617 silent,
1506 1579 1595 1620 quod
1612 1589 1663 1610 se-

214 1622 339 1663 quitur,
355 1631 413 1652 cur
430 1621 610 1652 dissentire
627 1620 808 1651 dicuntur?
836 1620 962 1651 rectius
979 1620 1082 1660 igitur
1099 1621 1209 1650 forsan
1224 1620 1400 1660 Junianus,
1414 1621 1598 1653 Assensere:
1623 1625 1662 1652 ut

211 1665 271 1695 sub
289 1664 389 1695 finem
415 1664 491 1694 libri
520 1673 568 1695 vl.
613 1664 622 1680 ‘
639 1663 694 1694 Sic
711 1663 836 1694 cecinit
864 1663 956 1694 Clio:
982 1663 1091 1694 doctae
1109 1672 1280 1693 assensere
1296 1663 1448 1695 sorores!
1493 1664 1560 1695 Sed
1577 1668 1660 1705 puto

213 1708 367 1739 Desedere
390 1706 620 1746 reponendum
648 1716 721 1736 esse
749 1716 808 1745 pro
838 1706 1029 1736 Consedere.-
1066 1706 1098 1735 in
1127 1705 1304 1736 Helmaest.
1332 1706 1517 1738 Discessere.
1541 1707 1661 1738 Heius.

211 1752 376 1781 Assensere
390 1750 491 1780 etiam
508 1750 570 1779 Be.
588 1748 647 1779 sed
668 1749 781 1779 Musas
798 1748 850 1779 hic
864 1748 959 1789 quasi
976 1749 1007 1778 in
1026 1748 1203 1779 consilium
1219 1748 1337 1779 missas
1353 1749 1560 1788 considerat,
1572 1759 1661 1790 quae,

213 1802 288 1823 cum
315 1793 402 1822 inter
427 1802 461 1823 se
489 1792 734 1830 consultarent,
759 1791 967 1829 dissensere,
991 1791 1050 1821 sed
1070 1790 1207 1821 tandem
1225 1791 1458 1831 Polyhymnia,
1474 1796 1512 1823 ut
1527 1792 1661 1823 doctior

212 1839 247 1865 et
264 1835 466 1866 auctoritate
483 1835 564 1865 alias
581 1835 733 1873 vincens,
747 1833 950 1864 sententiam
970 1833 1066 1872 dicit,
1079 1833 1133 1864 cui
1151 1833 1379 1865 assentiuntur
1394 1834 1518 1865 deinde
1535 1834 1609 1866 Clio
1624 1837 1661 1865 et

211 1877 328 1908 Thalia
343 1888 349 1908 :
387 1877 444 1908 sed
474 1877 602 1908 Uranie
629 1877 724 1915 alias,
748 1881 784 1907 et
811 1876 932 1907 deinde
965 1876 1152 1916 Calliopeia
1179 1876 1330 1907 diversas
1357 1886 1473 1908 causas
1501 1877 1660 1918 produnt.

212 1920 277 1950 Vel
294 1924 405 1959 potest
420 1920 584 1950 dissensere
601 1919 676 1959 capi
692 1919 734 1949 de
751 1923 886 1958 eventu,
912 1928 954 1950 ex
979 1929 1044 1959 quo
1062 1922 1170 1958 patet,
1186 1918 1329 1949 diversis
1346 1919 1432 1950 datis
1447 1920 1569 1959 causis,
1595 1918 1660 1950 dis-

213 1962 366 1993 sensisse.
390 1962 590 1994 Burm.—l2
612 1962 692 1993 Jun.
710 1962 799 1992 Mor.
817 1966 852 1992 et
867 1962 983 1992 decem
1006 1961 1063 1991 alii
1077 1970 1153 1991 onus
1176 1970 1238 2001 pro
1264 1964 1434 2002 opus.—14
1457 1962 1535 1992 Pet.
1550 1971 1658 1992 summ.

863 2045 1003 2077 NOTAE

254 2117 273 2144 7
300 2114 507 2154 Quoesontes]
533 2115 647 2145 Musas
664 2113 759 2145 dicit.
1005 2115 1229 2155 Polyhymnia]
1255 2116 1339 2148 Quae
1368 2116 1476 2155 Musa,
1492 2121 1530 2148 ut
1552 2118 1658 2149 nomi-

252 2163 479 2204 Aganippidos]
509 2163 690 2204 Aganippe
714 2162 787 2194 fons
811 2164 909 2195 Boeo-
961 2164 1012 2194 nis
1035 2164 1122 2195 ratio
1148 2165 1287 2202 indicat,
1312 2165 1463 2196 laudibus
1487 2171 1523 2197 et
1539 2171 1657 2199 cantus

212 2213 267 2243 tiae
290 2214 396 2244 Musis
418 2223 523 2253 sacer,
541 2214 597 2254 qui
627 2219 662 2244 et
687 2213 908 2254 Hippocrene
961 2214 1069 2254 copiae
1087 2224 1233 2254 praeesse
1247 2215 1380 2246 dicitur.

210 2263 353 2302 dicitur3
378 2274 563 2305 quanquam
587 2264 769 2295 Pausanias
799 2265 907 2296 diver·
1006 2267 1045 2295 10
1064 2266 1198 2306 Nolunt]
1214 2266 1369 2307 Namque
1389 2266 1658 2298 reconditissima

210 2322 274 2353 sos,
284 2312 316 2343 in
333 2313 452 2344 eodem
470 2319 583 2344 tamen
597 2313 763 2344 Helicone
781 2318 907 2353 monte,
960 2324 1068 2356 neque
1085 2315 1164 2346 alibi
1179 2315 1379 2355 reperienda
1393 2315 1570 2356 praedicat.
1594 2315 1662 2348 Ar·

210 2363 342 2395 scribit.
368 2365 541 2396 Posterior
551 2365 727 2404 Aganippis
739 2375 800 2405 per
810 2366 908 2396 Pleo-
961 2365 1032 2404 rige
1049 2365 1146 2395 modo
1162 2375 1258 2396 aures
1273 2365 1422 2406 quisquis
1449 2367 1548 2407 longe
1570 2366 1656 2407 peti·

208 2414 315 2444 nasmi
331 2415 498 2455 quandam
515 2415 661 2456 speciem
678 2425 697 2446 a
721 2415 830 2447 Poe'ta
851 2426 907 2456 ap·
961 2419 1069 2445 tarum
1092 2416 1258 2456 altiusque
1283 2416 1527 2447 cumulatarum
1553 2426 1656 2458 nuga·

210 2463 369 2503 pellatur.
961 2474 1033 2496 rum
1050 2475 1085 2496 es
1099 2466 1227 2496 avidus.

249 2515 270 2543 8
297 2513 463 2553 Medusoei]
490 2514 626 2554 Pegasi,
651 2516 794 2555 scilicet,
824 2515 904 2546 alati
1003 2519 1040 2546 ll
1069 2515 1160 2555 Tria]
1182 2516 1330 2553 Terram,
1355 2516 1426 2545 scil.
1452 2515 1594 2557 Aquam,
1618 2520 1655 2549 et

209 2562 297 2603 equi,
313 2572 355 2593 ex
380 2563 531 2594 Medusae
561 2566 722 2605 sanguine
749 2565 828 2604 orti,
848 2575 906 2596 un-
959 2564 1097 2603 Aerem,
1111 2565 1204 2605 quasi
1232 2565 1324 2605 Ignis
1344 2574 1410 2596 nou
1428 2565 1471 2596 sit
1491 2575 1614 2607 corpus
1633 2576 1655 2599 a

209 2612 289 2652 gula
301 2616 436 2652 apertos
453 2613 527 2643 illos
543 2612 652 2645 fontes
669 2614 811 2646 fabulati
828 2619 905 2646 sunt
959 2616 1084 2646 ceteris
1101 2615 1308 2654 distinctum,
1321 2614 1379 2645 sed
1396 2624 1459 2655 per
1471 2615 1582 2647 omnia
1590 2615 1655 2647 dif-

208 2660 340 2700 Graeci3
367 2666 403 2692 ut
418 2672 510 2703 saepe
526 2663 664 2695 dictum.
958 2664 1089 2696 fusum:
1118 2674 1307 2707 quanquam
1333 2664 1433 2697 aliter
1454 2675 1522 2698 non
1548 2666 1653 2699 semel

253 2714 276 2742 9
296 2712 390 2752 Deae]
412 2713 532 2753 Musae,
549 2714 621 2744 scil.
645 2718 683 2746 ut
707 2715 783 2747 hinc
799 2715 905 2757 magis
958 2715 1061 2749 Nam.

211 2761 259 2794 rei
271 2761 451 2796 difficultas
468 2768 646 2805 appareat.
