1773 3121
205 238 318 282 1688
687 247 728 277 P.
760 243 919 275 ovmn
952 242 1165 274 NAsole

205 343 363 385 Vincis
384 343 514 392 enim,
536 342 784 395 moriorque
803 341 972 382 libens:
1004 353 1098 393 age,
1121 340 1271 388 ferrea,
1292 336 1443 391 gaude.

141 419 147 428 '
208 411 334 453 Certe
357 410 522 464 aliquid
544 409 719 449 laudare
739 408 825 449 mei
848 409 1028 460 cogeris,
1050 408 1216 460 eritque

209 477 313 529 Quo
335 479 413 519 tibi
435 478 517 517 sim
538 480 699 529 gratus,
718 475 1001 527 meritumque
1020 473 1204 514 fatebere
1224 474 1428 512 nostrum.

210 545 316 587 Non
337 548 477 584 tamen
499 548 595 584 ante
616 543 679 583 tui
700 554 848 582 curam
869 541 1058 581 cessisse
1082 543 1312 587 memento,

211 611 357 662 Quam
379 611 511 651 vitam
530 624 540 661 ;
572 610 830 662 geminaque
852 608 980 648 simul
1000 607 1105 647 mihi
1124 607 1223 646 luce
1240 603 1489 646 carendum.
1575 601 1661 642 725

211 678 310 720 Nec
329 678 409 718 tibi
431 677 673 720 Famasmei
693 680 872 717 ventura
893 678 961 715 est
979 674 1127 715 nuntia
1146 674 1217 714 leti
1235 686 1246 723 3

212 745 318 798 Ipse
338 758 433 796 ego,
455 757 508 784 ne
529 744 710 793 dubites,
733 743 886 784 adero:
918 752 1198 794 praesensque
1215 737 1421 788 videbor;

214 813 409 866 Corpore
431 815 479 852 ut
498 811 689 851 exanimi
707 810 902 851 crudelia
920 810 1084 850 lumina
1104 818 1281 860 pascas.

215 879 263 919 Si
282 882 444 928 tamen,
466 891 492 918 o
512 877 685 930 Superi,
707 877 907 918 mortalia
927 877 1017 917 fata
1037 875 1215 922 videtis,
1660 928 1663 930 q

216 945 322 986 Este
344 945 428 985 mei
448 957 689 995 memores3
719 944 827 984 nihil
848 944 963 984 ultra
983 944 1130 996 lingua
1150 940 1320 994 precari
1582 936 1665 978 730

217 1012 438 1063 Sustinet3
470 1016 516 1052 et
534 1012 664 1063 longo
685 1011 816 1052 facite
834 1015 883 1052 ut
902 1022 1187 1051 memoremur
1204 1009 1247 1048 in
1268 1019 1366 1049 aevo
1383 1019 1394 1058 3
1441 1046 1444 1051 .

218 1076 288 1126 Et,
309 1090 407 1129 quae
431 1076 648 1118 demsistis
669 1078 790 1127 vitae,
811 1077 911 1118 date
930 1081 1123 1129 tempora
1141 1076 1284 1116 famae.

216 1195 298 1226 ultro
313 1194 428 1224 morior
438 1205 448 1224 .·
471 1204 539 1234 age,
554 1196 644 1234 dura,
660 1196 777 1226 loeture.
811 1195 904 1225 Certe
918 1194 1036 1233 cogeris
1052 1194 1184 1235 probare
1197 1194 1316 1234 aliquid
1331 1194 1390 1224 mei
1402 1203 1412 1229 ,·
1434 1196 1526 1232 atque
1541 1192 1602 1223 erit
1612 1193 1673 1232 quo*

219 1237 278 1268 tibi
292 1236 352 1266 sim
362 1239 513 1276 accepim,
527 1240 558 1267 et
570 1247 716 1276 agnosces
730 1239 870 1267 nostrum
880 1239 1034 1267 meritum.
1081 1236 1169 1267 Scias
1183 1241 1284 1267 tamen
1298 1246 1350 1266 me
1363 1245 1421 1266 non
1436 1235 1525 1275 prius
1536 1235 1671 1265 omisisse

219 1280 269 1311 tui
283 1287 418 1309 amorem
432 1289 522 1319 quam
536 1280 653 1310 vitam.-
677 1283 769 1319 atque
781 1289 849 1309 sum
868 1280 1036 1318 privandus
1048 1279 1141 1310 simul
1155 1279 1271 1318 duplici
1287 1278 1410 1309 lumine.
1449 1278 1553 1317 Neque
1568 1285 1673 1306 rumor

224 1331 299 1353 meae
314 1321 422 1351 mortis
436 1322 557 1352 accedet
572 1322 630 1351 tibi
647 1323 793 1357 nuntium
815 1321 881 1360 ipse
897 1332 964 1361 ego,
989 1332 1026 1352 ne
1041 1322 1174 1358 dubites,
1197 1331 1332 1362 proesens
1354 1331 1417 1358 ero,
1438 1323 1529 1358 atque
1551 1318 1674 1349 videbor

223 1367 340 1402 astam,
363 1367 398 1393 ut
423 1363 551 1394 oblectes
574 1369 650 1395 tuos
668 1364 756 1402 feros
772 1365 871 1394 oculos
894 1374 1018 1404 corpore
1032 1364 1192 1403 exsangui.
1237 1363 1272 1394 Sa?
1287 1367 1402 1400 tamen,
1418 1372 1434 1392 o
1451 1362 1521 1401 Dii,
1534 1359 1677 1401 aspicitis

223 1409 322 1437 sortes
336 1405 503 1445 hominum,
520 1410 614 1437 estote
636 1407 696 1437 mei
715 1416 881 1437 memores:
903 1407 1009 1446 lingua
1025 1407 1103 1437 m'lu‘l
1127 1410 1228 1446 potest
1243 1406 1373 1446 amplius
1391 1404 1535 1445 proferre
1547 1414 1560 1441 ,⁴
1583 1406 1677 1443 utque

219 1452 367 1489 praestate
389 1451 421 1479 ut
435 1448 606 1487 referamur
627 1450 822 1490 perlongum
837 1459 954 1480 aevum:
977 1452 1007 1480 εἰ
1022 1449 1179 1488 indulgete
1191 1449 1290 1486 sama>
1306 1457 1401 1479 annos
1421 1456 1493 1487 quos
1506 1445 1677 1477 sustulistis

837 1543 1068 1555 -emwaee

224 1607 366 1645 cingere,·
389 1614 473 1635 unus
489 1606 583 1637 Leid.
598 1607 729 1647 nitidaq.
741 1608 919 1647 recingere:
944 1614 978 1640 et
995 1609 1061 1640 duo
1076 1609 1131 1640 alii
1147 1610 1351 1639 lauru.—72l
1370 1605 1464 1636 Enim
1475 1609 1526 1635 est
1543 1613 1560 1634 e
1576 1603 1680 1644 pluri-

224 1649 286 1678 mis
304 1651 387 1678 vett.
405 1647 512 1678 Codd.
529 1653 563 1678 at
580 1649 672 1687 vulg.
687 1650 755 1679 ait.-
780 1650 898 1682 Heius.
921 1651 1000 1681 olim
1017 1651 1107 1690 conj.
1122 1651 1162 1681 io.
1185 1651 1272 1680 Tum
1291 1648 1440 1680 Berolin.
1452 1647 1679 1686 moriorque.—

225 1693 289 1721 722
304 1690 352 1720 Fl.
369 1690 402 1720 S.
424 1690 533 1721 Marci
550 1691 609 1721 mei
624 1691 742 1730 cogeris
756 1692 987 1723 umoris—724
1012 1692 1105 1723 Olim
1123 1692 1289 1723 edebatur
1302 1694 1368 1722 ant.
1383 1691 1460 1722 mihi
1474 1699 1539 1720 cur.
1556 1688 1679 1720 Heins.

227 1742 269 1762 ex
286 1732 394 1763 Codd.
411 1742 498 1763 corr.
523 1733 590 1762 tui:
615 1733 647 1762 in
665 1734 830 1764 nonnullis
848 1735 985 1775 scriptis
1003 1735 1071 1766 tibi.
1105 1735 1282 1765 Excessisse
1298 1735 1402 1764 etiam
1417 1733 1450 1763 in
1466 1731 1617 1772 plurimis
1633 1731 1680 1761 le-

228 1775 340 1814 gitur;
364 1774 487 1804 cessisse
506 1776 557 1804 vel
573 1774 700 1813 fugisse
716 1785 758 1805 ex
775 1777 909 1809 emend.
937 1777 1055 1808 Heius.
1074 1777 1181 1808 Codd.
1210 1776 1361 1814 variant3
1384 1776 1417 1806 S.
1435 1774 1544 1806 Marci
1560 1783 1681 1804 curam-

227 1827 288 1856 que
303 1816 420 1856 egisse:
446 1821 526 1847 tert.
553 1817 645 1848 Med.
669 1827 775 1848 curam
801 1819 923 1855 exisse;
947 1829 1031 1849 unus
1047 1818 1130 1858 Arg.
1158 1828 1225 1849 sec.
1251 1819 1326 1850 Pal.
1353 1822 1387 1848 et
1416 1827 1466 1858 pr.
1490 1815 1682 1856 Hamburg.

219 1859 353 1900 finisse;
379 1859 551 1900 Bernegg.
567 1858 784 1897 fuisse—725
809 1861 885 1890 Duo
906 1860 982 1890 libri
997 1861 1151 1899 geminaq.
1167 1860 1244 1890 mihi
1261 1860 1331 1897 jam
1353 1860 1410 1890 luc.
1436 1858 1570 1890 Deinde
1587 1858 1680 1898 vulg.

231 1904 276 1931 est
293 1905 370 1941 post
386 1902 548 1932 carendum
557 1902 688 1939 delevit
701 1902 823 1932 Heius.
834 1902 1042 1932 auctoritate
1059 1902 1090 1933 S.
1106 1902 1232 1939 Marci,
1245 1902 1290 1932 N.
1303 1902 1471 1941 Bernegg.
1484 1899 1613 1931 Arund.
1628 1909 1681 1940 pr.

236 1943 424 1982 Hamburg.
441 1948 477 1973 et
489 1943 750 1973 aliorum—728
768 1943 862 1973 Unus
878 1944 959 1974 Bas.
974 1948 1008 1973 ut
1025 1944 1284 1975 exanima—729
1298 1943 1381 1973 Fata
1392 1943 1488 1973 dedit
1503 1942 1624 1972 Heius.
1640 1951 1684 1973 ex

236 1984 368 2015 Arund.
385 1985 555 2023 Bernegg.
571 1988 607 2014 et
619 1983 798 2015 duodecim
815 1985 887 2015 aliis
915 1995 974 2025 pro
988 1985 1078 2025 vulg.
1096 1985 1303 2024 factm—731
1329 1985 1428 2025 Vulg.
1447 1984 1549 2022 facite
1563 1986 1598 2014 ut
1614 1993 1686 2014 nar-

235 2035 350 2057 remur.
371 2025 412 2055 Τὸ
425 2029 459 2055 ut
475 2026 571 2055 abest
593 2034 612 2055 a
631 2027 664 2056 S.
682 2026 805 2067 Marci,
820 2028 864 2058 N.
880 2028 1049 2068 Bernegg.
1066 2038 1117 2068 pr.
1133 2028 1240 2059 Gron.
1254 2034 1290 2058 et
1313 2033 1459 2068 quatuor
1472 2027 1565 2057 aliis:
1582 2024 1685 2063 facite
1717 2057 1721 2060 ,

232 2077 391 2099 narremur
406 2071 441 2098 ut
463 2077 527 2097 ατο
555 2077 606 2107 pr.
625 2067 814 2108 Hamburg.
830 2068 934 2106 facite
948 2073 983 2100 ut
998 2080 1199 2101 memoremur
1215 2080 1264 2110 pr.
1291 2078 1359 2100 sec.
1384 2069 1460 2100 Pal.
1475 2078 1528 2109 pr.
1542 2068 1634 2099 Mor.
1649 2072 1688 2099 et

235 2117 302 2141 tres
319 2110 374 2140 alii
388 2121 395 2140 ε
419 2109 536 2150 Thysii
542 2133 552 2150 ,
559 2109 661 2147 facite
677 2120 897 2143 memoremur.-
922 2112 1011 2143 unde
1028 2113 1146 2144 Heius.
1161 2112 1263 2151 facite
1278 2122 1294 2142 o
1312 2120 1524 2151 memoremur,
1537 2111 1595 2142 vel
1611 2119 1685 2141 nar-

889 2206 1032 2238 NOTAE

238 2290 418 2324 canuntur,
432 2291 540 2319 utere.
586 2285 701 2326 Atque
717 2285 791 2326 ejus
804 2285 936 2326 generis
1032 2289 1095 2319 722
1121 2287 1263 2327 Cogeris]
1290 2286 1379 2320 Quia
1399 2287 1490 2318 illam
1506 2285 1688 2327 superbam

239 2338 416 2369 nonnullos
434 2337 466 2367 in
481 2337 854 2368 Amoribushabuimus.
880 2336 935 2368 Ab
989 2337 1136 2379 denique
1150 2337 1341 2369 deserebat.
1385 2338 1584 2378 Quanquam
1598 2335 1689 2368 haud

240 2387 400 2428 Apolline
416 2391 529 2418 autem
543 2386 687 2416 Pa³anes
701 2386 831 2417 initium
849 2396 934 2417 sum·
989 2387 1071 2427 scio,
1098 2398 1140 2418 an
1162 2398 1242 2419 vere
1267 2387 1414 2419 dixerit:
1440 2386 1575 2418 tametsi
1598 2386 1687 2418 enim

241 2441 370 2476 serunt,
382 2437 414 2466 in
427 2437 521 2476 cujus
532 2437 688 2466 honorem
703 2441 779 2476 post
789 2436 936 2468 occisum
989 2438 1109 2468 nolunt
1124 2447 1238 2468 amare
1254 2436 1421 2478 quaedam,
1437 2440 1551 2468 amant
1573 2440 1688 2467 tamen

241 2486 401 2527 Pythona
432 2491 637 2527 serpentem,
667 2488 807 2528 hymnus
837 2488 937 2529 hujus
992 2499 1065 2520 sese
1081 2488 1194 2518 amari.

243 2537 375 2577 generis
402 2542 557 2568 cantatus
580 2541 643 2568 est.
690 2537 821 2568 Nomen
848 2539 939 2579 quod
1034 2540 1095 2569 725
1122 2535 1269 2576 Gemina]
1291 2536 1374 2566 Vita
1387 2545 1472 2576 mea,
1489 2539 1523 2566 et
1537 2539 1592 2574 te;
1612 2545 1689 2577 quae

243 2587 368 2618 attinet
384 2588 436 2618 vel
453 2592 504 2618 est
520 2596 538 2617 a
553 2586 630 2618 παίω
643 2587 750 2625 serio,-
766 2588 819 2619 vel
835 2588 877 2620 ab
891 2589 942 2630 ἵει,
995 2587 1075 2618 mihi
1089 2587 1199 2618 altera
1213 2587 1270 2616 lux
1285 2595 1332 2616 es.

244 2638 310 2675 παῖ,
324 2636 547 2679 jaculare‚fili‚
569 2636 691 2678 quibus
715 2637 824 2668 verbis
841 2637 943 2679 Apol·
1037 2638 1099 2667 732
1124 2634 1244 2674 famae]
1262 2634 1371 2665 Miror
1381 2632 1557 2671 Ethnicos,
1571 2632 1643 2663 aliis
1657 2632 1692 2663 in

246 2687 347 2717 linem
360 2687 490 2717 Latona
500 2690 606 2717 mater
614 2687 655 2717 ad
665 2696 813 2727 pugnam
824 2692 942 2719 contra
996 2686 1095 2716 rebus
1111 2689 1180 2716 tam
1206 2688 1338 2724 cautos,
1362 2683 1396 2713 in
1419 2683 1482 2713 hac
1504 2681 1608 2714 fuisse
1624 2687 1692 2714 tam

247 2745 322 2767 eum
338 2740 531 2776 serpentem
547 2736 757 2768 hortabatur.
997 2735 1141 2775 ineptos,
1157 2738 1194 2765 ut
1214 2733 1313 2764 famae
1334 2732 1492 2773 cupidine
1511 2737 1589 2772 post
1604 2742 1693 2764 mor-

290 2785 407 2826 Lauro]
436 2785 476 2817 In
493 2785 720 2818 testimonium
736 2786 899 2818 victoriae.
998 2792 1066 2817 tem
1082 2786 1294 2817 ducerentur.
1340 2783 1452 2826 Atque
1469 2783 1554 2815 adeo
1574 2792 1617 2815 ex
1641 2793 1693 2815 re-
