1773 3121
607 211 848 243 'rnrs'rrmu
882 210 979 242 Lm.
1013 211 1046 242 1.
1076 199 1120 241 3.
1469 185 1585 245 2215

626 505 942 557 ELEGIA
997 507 1096 556 ΙΙΙ.

679 671 1041 704 ARGUMENTUM.

134 766 435 799 stEnAmurnn
447 766 589 808 exponit
599 766 712 798 Po'eta
725 767 1033 799 consternationem
1046 767 1138 800 illam
1151 777 1218 810 qua
1230 767 1373 801 affectus
1385 772 1592 811 est,postea-

176 829 278 861 quam
299 821 404 862 jussit
430 831 506 853 eum
529 821 646 852 Caesar
661 820 696 851 in
712 821 850 852 exilium
873 821 989 853 abire:
1013 822 1160 864 quidque
1176 832 1216 853 ea
1233 827 1334 854 nocte
1351 824 1453 855 etiam
1471 823 1596 865 egerit,

175 882 251 915 quae
268 873 334 905 fuit
350 875 399 905 illi
415 874 448 905 in
464 873 559 906 Urbe
576 873 770 913 novissima,
787 873 953 906 declarat.
977 874 1207 907 Miserabilius
1223 875 1346 909 deinde
1358 877 1472 909 uxoris
1486 881 1521 908 et
1536 876 1595 908 do·

176 928 395 959 mesticorum
413 928 578 968 lacrymas
595 927 773 959 describit.

135 1011 267 1071 CUM
289 1030 407 1071 subit
423 1031 542 1072 illius
562 1032 819 1073 tristissima
837 1033 981 1075 noctis
1001 1033 1166 1087 imago,

190 1095 306 1148 Quae
328 1099 434 1139 mihi
456 1112 709 1152 supremum
732 1104 906 1154 tempus
929 1101 973 1140 in
996 1100 1118 1142 Urbe
1138 1100 1251 1151 fuit3

136 1164 250 1206 Cum
269 1170 422 1220 repeto
442 1171 633 1216 noctem,
654 1180 741 1220 qua
759 1171 822 1208 tot
841 1168 947 1208 mihi
969 1180 1072 1208 cara
1091 1167 1246 1220 reliqui
1263 1180 1274 1218 ;

190 1231 373 1272 Labitur
391 1245 449 1272 ex
470 1232 615 1272 oculis
635 1244 751 1272 nunc
773 1243 953 1285 quoque
975 1235 1095 1284 gutta
1112 1233 1240 1274 meis.

131 1296 162 1338 J
165 1309 236 1338 am
257 1310 397 1350 prope
416 1297 494 1337 lux
516 1297 683 1346 aderat,
707 1309 798 1349 qua
816 1309 887 1337 me
907 1297 1133 1338 discedere
1154 1297 1310 1340 Caesar
1569 1299 1597 1337 5

191 1363 376 1404 Finibus
396 1368 609 1404 extremae
625 1362 825 1416 jusserat
844 1362 1077 1404 Ausoniae.

133 1430 230 1471 Nec
248 1443 385 1479 mens,
408 1443 489 1471 nec
511 1431 704 1484 spatium
726 1428 897 1470 fuerant
920 1431 1029 1471 satis
1047 1434 1151 1484 apta
1169 1429 1364 1484 paranti:

186 1496 468 1550 Torpuerant
486 1498 619 1550 longa
639 1501 822 1550 pectora
840 1501 990 1539 nostra
1010 1510 1150 1539 mora.

132 1565 241 1608 Non
259 1565 367 1606 mihi
387 1577 623 1615 servorum,
645 1566 820 1607 comitis
840 1578 926 1606 non
948 1578 1052 1607 cura
1072 1565 1260 1619 legendi,

187 1631 297 1674 Non
316 1635 436 1686 aptae
457 1632 645 1686 profugo
666 1632 806 1674 vestis
827 1633 983 1687 opisve
1002 1632 1101 1674 fuit.
1540 1632 1596 1674 10

177 1753 310 1789 Quando
324 1755 470 1786 recordor
492 1755 578 1786 illiue
604 1755 807 1787 moescissimae
828 1754 941 1794 noctis,
969 1765 1036 1795 quae
1054 1753 1125 1792 fuit
1150 1753 1226 1784 mihi
1256 1752 1400 1784 ultimum
1425 1754 1547 1792 tempus
1561 1751 1596 1782 in

134 1795 239 1828 Urbe:
261 1798 382 1837 quando
396 1801 497 1829 mente
512 1798 633 1829 ret-olco
657 1802 786 1835 noctem,
814 1809 873 1839 qua
899 1798 1021 1829 deserui
1047 1800 1093 1829 tot
1109 1806 1158 1827 res
1184 1795 1261 1827 milii
1277 1796 1428 1831 dilectam
1455 1795 1594 1836 lacryma

130 1849 213 1870 nunc
229 1840 325 1870 eliam
340 1840 449 1881 defluit
466 1850 505 1871 ex
521 1842 616 1872 oculis
630 1841 713 1872 meis.
757 1841 833 1872 Jam
847 1851 940 1881 prope
956 1841 1023 1871 dies
1038 1843 1176 1879 tenerur,
1201 1849 1260 1880 quo
1287 1840 1395 1869 Caesar
1409 1837 1487 1869 mihi
1502 1838 1598 1878 impe-

130 1885 255 1913 rat-erat
270 1883 377 1921 egredi
390 1883 511 1924 finibus
525 1884 643 1914 ultimoe
659 1883 775 1914 Italiae.
825 1884 932 1924 Neque
958 1884 1089 1921 animus,
1118 1892 1212 1923 neque
1238 1885 1358 1922 tempus
1372 1880 1505 1918 fuerant
1518 1879 1598 1911 satis

131 1924 240 1955 idonea
255 1925 424 1956 ador-nunti
440 1924 553 1966 fugam
569 1937 575 1956 :
600 1935 686 1957 mens
708 1929 813 1957 nostra
829 1926 1011 1966 elanguerat
1026 1926 1146 1965 prolixo
1162 1929 1308 1964 tempore.
1354 1924 1427 1956 Non
1435 1923 1504 1962 fuit
1519 1922 1598 1953 milti

131 1977 206 1998 cura
221 1977 389 2008 sertorum,
416 1978 475 1998 non
502 1969 616 2000 sodalis
641 1969 849 2009 tegendi‚n0n
876 1969 971 2000 testis
995 1972 1049 1999 aut
1073 1968 1187 1999 auxilii
1211 1967 1312 1998 idonei
1331 1966 1477 2007 prosugo.
1523 1965 1597 1997 Non

738 2047 977 2060 eeeeeeeeeeee

174 2092 195 2121 2
217 2089 287 2121 Pro
305 2089 384 2125 Quoe
408 2100 525 2122 omnes
549 2090 623 2122 fere
650 2091 771 2131 scripti
800 2092 893 2127 Quum
930 2100 1016 2122 unus
1044 2090 1146 2121 etiam
1176 2089 1340 2124 Quom—3
1372 2087 1480 2118 Servii
1509 2086 1592 2118 Cod.

132 2133 220 2164 Dum
240 2133 338 2163 recolo
355 2136 501 2163 noch—4
529 2135 622 2164 Nunc
646 2143 688 2164 ex
719 2134 783 2164 Ro.
811 2133 987 2173 rescripsit
1015 2132 1136 2163 Heius.
1163 2141 1226 2171 pro
1252 2131 1343 2170 vulg.
1368 2133 1462 2166 ἑυνα-ς
1495 2135 1531 2161 et
1547 2130 1595 2161 sic

131 2176 238 2206 etiam
265 2175 401 2216 plurimi
431 2175 508 2206 alii:
545 2175 638 2207 Med.
666 2185 732 2217 pro
754 2185 834 2206 nunc
858 2185 975 2216 quoque
995 2174 1136 2205 exhibet
1161 2173 1363 2204 numium-7
1388 2172 1527 2202 Fuerant
1551 2181 1594 2202 ex

132 2218 235 2249 Bnrb.
251 2217 572 2258 eleganter‚jndice
591 2217 709 2247 Heins-
727 2218 817 2257 vulg.
833 2217 955 2255 suerat.
999 2217 1137 2247 Deinde
1152 2215 1280 2256 paranti
1298 2214 1385 2244 idem
1403 2212 1534 2253 profert
1552 2224 1595 2245 ex

131 2260 193 2291 lib.
217 2260 314 2290 Petr.
338 2259 470 2297 Servii;
495 2258 552 2289 alii
579 2259 734 2299 parandi:
768 2259 972 2290 Combianus
1000 2268 1062 2298 pro
1087 2267 1157 2288 var.
1183 2258 1265 2288 lect.
1291 2256 1432 2287 exhibet
1460 2257 1594 2296 piandi.-

134 2302 350 2334 Richeliauus
371 2305 499 2342 paratu,
516 2311 577 2342 pro
590 2302 740 2341 ραι-αἰνὴ·
763 2301 854 2343 quod
870 2307 907 2332 et
923 2301 1041 2332 Heius.
1057 2306 1186 2332 rectum
1202 2302 1380 2341 putat.--0
1405 2299 1538 2330 Comitis
1553 2308 1596 2332 ex

793 2386 934 2420 NOTAE

173 2467 195 2495 6
217 2462 378 2503 Amniae]
404 2462 531 2502 Italiae,
555 2467 593 2494 ut
616 2472 708 2504 saepe
734 2463 835 2494 alibi:
935 2464 954 2492 8
983 2458 1190 2501 Torpuerant]
1234 2458 1398 2499 Adeoque
1429 2458 1594 2490 bonorum

130 2513 271 2545 fuerunt
316 2522 461 2554 namque
505 2511 659 2544 Ausones
708 2513 837 2554 antiqui
891 2516 1086 2543 nostrorum
1111 2519 1187 2550 pars
1210 2519 1322 2539 sumus
1345 2509 1512 2546 maxima;
1536 2510 1592 2550 qni

131 2564 244 2596 ltaliae
263 2563 390 2603 populi.
891 2561 974 2594 illud
1000 2560 1146 2592 maxime
1173 2569 1308 2598 semper
1324 2559 1474 2597 cogitare
1491 2559 1593 2590 debe-

176 2616 195 2645 7
221 2613 327 2654 Mem]
357 2615 443 2645 Qnae
470 2613 650 2654 repentino
674 2614 762 2645 malo
787 2618 836 2644 at·
890 2622 975 2652 mus,
1009 2610 1175 2652 quomodo
1211 2609 1384 2639 adven-um
1422 2608 1591 2640 fortunam

134 2664 257 2704 tonita,
280 2663 427 2703 singula,
453 2672 526 2703 quae
553 2674 636 2705 opus
656 2669 742 2702 erat,
768 2664 836 2694 suis
891 2663 1053 2702 seramus,
1066 2660 1267 2699 minimoque
1282 2658 1502 2697 indigeamus.
1527 2658 1591 2690 Vc-

136 2713 345 2755 temporibus
377 2711 545 2751 dividere,
572 2723 634 2754 per
667 2713 837 2746 tantillum
892 2725 965 2747 rum
979 2714 1101 2756 quibus
1119 2713 1175 2743 lias
1191 2720 1307 2742 uarro»
1323 2709 1469 2742 fabulas!

136 2764 294 2807 spatium,
312 2772 376 2794 non
394 2766 542 2804 poterat.
