1773 3121
233 241 346 285 1900

727 255 767 285 P.
799 253 957 284 OVIDII
990 252 1199 285 NASONIS

235 347 355 390 Nam
374 348 458 388 fuit
478 347 555 389 illa
575 347 683 399 dies,
701 349 810 391 dura
831 363 929 391 cum
953 353 1067 391 sorte
1087 350 1254 391 maritae

293 414 554 456 Reddebant
574 417 681 456 uteri
702 417 883 470 pignora
904 430 1000 457 rara
1022 417 1104 457 sui.

1595 416 1680 458 4:30

236 481 356 532 Quid
376 481 496 531 mihi,
518 483 750 534 clamabat,
771 485 952 536 prodest
970 484 1165 537 rapuisse
1187 483 1386 534 Sabinas,

293 547 531 589 Romulus:
562 550 667 603 (hoc
690 552 764 591 illo
784 556 959 605 sceptra
980 555 1147 592 tenente
1168 551 1250 592 fuit
1267 549 1299 604 :)

237 614 285 655 Si
306 628 404 656 mea
424 630 513 657 non
534 619 664 668 vires,
689 620 766 659 sed
788 620 948 659 bellum
970 620 1127 672 injuria
1147 618 1278 669 fecit3

294 681 461 723 Utilius
483 684 623 725 fuerat
642 699 727 726 non
747 687 952 726 habuisse
974 699 1119 726 nurus.

237 747 389 789 Monte
409 751 490 790 sub
514 751 730 804 Esquilio,
752 753 902 792 multis
924 752 1151 792 ineaeduus
1169 751 1307 800 annis,

1602 747 1689 789 435

292 816 321 856 J
326 818 482 857 unonis
502 832 672 870 magnae
693 819 870 858 nomine
894 819 1020 857 lucus
1041 822 1147 859 erat.

238 881 341 923 Huc
363 883 439 922 ubi
460 887 692 934 venerunt3
728 884 889 935 pariter
911 887 1153 935 nuptaeque
1172 883 1342 936 virique

295 948 564 1002 Suppliciter
585 949 728 1001 posito
747 949 1018 1002 procubuere
1040 961 1164 1000 genu.

239 1013 351 1055 Cum
371 1016 520 1055 subito
542 1020 672 1056 motae
694 1019 904 1056 tremuere
927 1015 1158 1056 cacumina
1176 1015 1329 1069 sylvae,

295 1081 352 1122 Et
372 1083 471 1124 Dea
487 1096 565 1137 per
586 1083 715 1124 lucos
731 1083 841 1123 mira
859 1083 1007 1124 locuta
1029 1095 1149 1123 suos,

1606 1081 1690 1122 440

239 1226 342 1262 nuptae
358 1223 537 1254 emittebant
549 1224 794 1262 pancossructus
809 1225 926 1255 ventris
939 1225 999 1255 sni.
1034 1224 1180 1254 Romulus
1195 1223 1432 1263 vociferabatur,
1449 1223 1533 1259 Quid
1544 1232 1591 1253 me
1598 1222 1692 1260 juvat

240 1265 379 1304 rapuisse
395 1265 527 1295 Sabinas
538 1264 553 1295 ¹?
597 1266 712 1305 (Istud
729 1266 817 1296 enim
825 1266 951 1303 factum
965 1270 1009 1296 est
1022 1267 1072 1296 illo
1088 1265 1271 1304 regnante.)
1315 1265 1351 1295 Si
1367 1266 1481 1304 injuria
1496 1275 1563 1296 mea
1577 1263 1694 1294 creavit

240 1307 361 1346 bellum,
385 1317 443 1337 non
461 1308 554 1337 auxit
569 1307 671 1344 cires‚-
696 1308 805 1339 melius
823 1308 933 1346 fuerat
959 1319 1019 1339 non
1044 1307 1183 1338 habuisse
1205 1310 1324 1346 nuptas.
1372 1308 1453 1338 Erat
1469 1308 1555 1338 lucus
1570 1315 1693 1344 magnoe

240 1349 375 1379 Junonis
399 1350 534 1380 intactus
549 1361 567 1380 α
590 1351 697 1380 multis
723 1351 812 1382 annis
837 1351 891 1380 sub
916 1352 988 1381 colle
1004 1350 1176 1389 Esquilino.
1221 1350 1388 1389 Postquam
1414 1349 1476 1379 viri
1497 1349 1591 1380 simul
1605 1351 1694 1387 atque

241 1392 382 1421 mulieres
397 1392 454 1421 hnc
470 1395 626 1429 venerunt,
651 1392 876 1430 procubuerunt
890 1402 973 1430 genu
986 1393 1074 1432 flexo
1090 1391 1278 1431 suppliciter.
1325 1392 1402 1421 Cum
1417 1394 1541 1431 repente
1555 1389 1695 1429 fastigia

242 1434 372 1464 nemoris
386 1435 521 1463 concussi
537 1437 738 1474 tremuerunt,
764 1437 855 1473 atque
871 1435 940 1464 Dea
963 1434 1094 1472 protulit
1119 1443 1170 1463 ore
1183 1433 1263 1463 mira
1284 1443 1340 1472 per
1356 1434 1435 1463 lucos
1449 1443 1531 1464 suo-3.
1575 1433 1696 1464 Hire-us

851 1533 1082 1545 ‘usonem-etse·

242 1608 332 1647 vulg.
348 1611 607 1647 optatum—429
629 1610 725 1640 Unus
739 1610 828 1641 Mor.
844 1610 913 1640 dira
930 1618 990 1649 pro
1007 1609 1202 1639 darm—434
1225 1607 1292 1638 Sex
1308 1606 1425 1648 scripti
1441 1609 1476 1637 et
1490 1615 1540 1647 pr.
1557 1604 1621 1637 Ed.
1635 1615 1696 1636 non

241 1650 380 1690 rapuisse
392 1653 566 1681 mun—435
592 1653 685 1682 Unus
703 1653 739 1683 F.
763 1652 817 1682 snb
835 1652 999 1692 Esquiliis,
1014 1656 1050 1682 et
1065 1651 1146 1683 Jun.
1161 1651 1286 1681 esculeo.
1311 1649 1379 1680 Alii
1395 1649 1497 1680 etiam
1523 1657 1603 1679 mox
1615 1648 1697 1679 scri-

243 1693 329 1722 buut
345 1693 606 1725 inviduus.—436
629 1694 708 1726 Jun.
726 1699 761 1725 et
776 1698 908 1734 septem
925 1694 981 1724 alii
997 1703 1102 1733 magn.
1125 1692 1250 1723 numine
1266 1693 1433 1724 lucu—438
1458 1690 1619 1723 Nonnulli
1633 1700 1697 1730 pos.

243 1734 423 1766 succubuere
438 1739 622 1774 geru-439
645 1737 708 1768 Be.
734 1737 798 1768 sub.
822 1740 906 1768 motu
934 1740 975 1769 tr.
1002 1735 1133 1767 Arund.
1161 1738 1253 1766 notae.
1278 1736 1331 1766 Fr.
1352 1735 1455 1766 etiam
1484 1744 1504 1765 a
1530 1743 1582 1774 pr.
1606 1741 1697 1764 man.

905 1861 935 1892 N
942 1861 1043 1892 01¹AE

243 1943 456 1983 caprinarum
467 1944 606 1984 pellium
618 1945 698 1976 loris
712 1945 829 1976 obvias
843 1944 943 1975 ferie-

244 1993 341 2024 bant.

288 2046 350 2074 428
363 2044 452 2084 Jam]
467 2044 652 2085 Postquam
666 2044 807 2075 verbera
816 2045 943 2084 Luper-

246 2102 360 2124 corum
377 2094 521 2123 senserit
536 2095 665 2124 mulier.

290 2141 444 2180 Habebit]
489 2142 637 2182 Propter
664 2146 779 2172 uatum
806 2142 871 2173 sibi
902 2152 944 2173 ex

246 2191 428 2222 verberata
443 2191 511 2222 filia
528 2197 700 2231 nepotem.

289 2243 352 2271 429
389 2241 487 2280 Nam]
530 2241 677 2281 Subjicit
703 2252 790 2273 nuuc
822 2243 944 2282 Poeta,

248 2290 337 2330 quod
352 2290 499 2330 antiquae
514 2300 578 2321 uon
596 2290 659 2322 fuit
674 2292 896 2323 institutionis
910 2293 944 2323 in

248 2340 500 2380 Lupercalibus.

290 2389 396 2428 Dura]
423 2390 577 2430 Namque
589 2390 731 2422 foeminae
749 2392 781 2421 ni
795 2393 946 2433 concipi-

250 2442 319 2477 ant,
336 2438 430 2468 brevi
456 2440 600 2470 intereat
626 2451 723 2472 omne
742 2452 847 2481 genus
877 2443 945 2473 ani-

248 2488 385 2519 mantis.

291 2541 352 2568 431
378 2538 547 2577 stupuisse]
573 2539 854 2580 Simulatisludis,
867 2552 946 2582 quo-

249 2587 350 2619 modo
367 2596 435 2616 rem
446 2597 519 2617 eam
534 2587 573 2617 ad
588 2593 741 2627 optatum
756 2589 856 2620 finem
872 2600 946 2630 per-

251 2635 400 2674 duxerit,
417 2637 526 2666 notius
543 2641 596 2667 est
618 2647 716 2677 quam
735 2644 771 2668 ut
797 2649 880 2678 opus
903 2640 947 2670 sit

252 2685 437 2717 inculcare.

291 2737 355 2766 432
379 2735 465 2777 Hoc]
497 2737 596 2770 Quod
620 2746 686 2770 non
710 2738 947 2779 parturiebant

254 2787 381 2829 nuptae.

1039 1947 1102 1975 433
1129 1944 1268 1984 Bellum]
1308 1944 1406 1976 Quod
1424 1942 1660 1984 gravissimum
1679 1952 1698 1972 a

997 1993 1129 2024 Sabinis
1167 1993 1210 2024 ob
1248 1993 1312 2023 sibi
1350 2003 1370 2023 a
1405 1993 1548 2023 Romulo
1580 1995 1696 2032 raptas

998 2043 1141 2082 puellas,
1166 2047 1363 2083 tantamque
1384 2042 1556 2082 injuriam,
1572 2041 1698 2072 excita-

998 2096 1080 2123 tum.

1039 2144 1102 2171 434
1121 2141 1242 2181 Nurus]
1260 2142 1328 2172 Pro
1343 2140 1499 2180 foeminis,
1511 2145 1548 2171 ut
1562 2140 1698 2181 passim.

1040 2193 1100 2221 435
1120 2192 1277 2231 Esquilio]
1314 2192 1408 2221 Unus
1426 2189 1491 2221 fuit
1506 2200 1548 2221 ex
1564 2195 1698 2230 septem

999 2240 1170 2271 montibus
1187 2241 1359 2280 Romanis,
1370 2241 1413 2271 de
1429 2250 1494 2281 quo
1509 2240 1543 2271 in
1560 2248 1700 2280 sequeu-

1000 2291 1101 2322 tibus.

1043 2340 1217 2380 Incaeduus]
1246 2341 1350 2371 Nullo
1364 2339 1457 2370 ferro
1474 2339 1629 2370 violatus.

1042 2394 1105 2421 436
1130 2390 1278 2430 Nomine]
1304 2389 1447 2423 sunonis
1459 2389 1596 2420 Lucinae
1612 2386 1703 2418 dice-

1002 2441 1114 2471 batur.

1042 2492 1106 2520 439
1146 2488 1329 2528 Cacumina]
1372 2487 1543 2518 Arborum
1574 2487 1700 2519 ultimae

1002 2538 1149 2570 frondes.

1043 2593 1106 2621 440
1131 2589 1233 2629 Mira]
1264 2589 1370 2619 Immo
1382 2589 1559 2627 horrenda,
1575 2593 1611 2620 et
1625 2598 1700 2629 quae

1001 2640 1198 2678 Satyrorum
1217 2643 1274 2668 aut
1287 2638 1508 2668 Sacerdotum
1524 2637 1628 2668 Panis
1643 2646 1702 2668 ne-

1000 2688 1141 2728 quitiam
1162 2688 1306 2718 maxime
1329 2687 1518 2719 redoleant.
1561 2687 1628 2718 Sed
1639 2688 1700 2718 mi-

1001 2738 1079 2777 tius,
1093 2747 1192 2778 quam
1209 2747 1262 2769 res
1279 2742 1366 2780 erat,
1381 2738 1626 2783 interpretatus
1649 2740 1702 2772 est

1002 2796 1119 2831 augur.
