1773 3121
214 227 331 271 1906

697 241 738 274 Ρ.
770 241 929 272 OVIDII
957 240 1179 273 NASONIS·

214 333 338 376 Hinc
358 336 494 384 tonat,
513 334 611 376 hinc
630 335 774 376 missis
793 336 1060 388 abrumpitur
1079 334 1254 387 ignibus
1276 332 1431 375 aether.
1572 332 1666 374 495.

272 403 345 444 Fit
363 403 467 452 fuga
484 418 493 444 :
526 403 625 443 Rex
647 404 798 456 patriis
821 409 939 443 astra
959 404 1133 455 petebat
1153 401 1300 454 equis.⁷

213 469 374 510 Luctus
396 476 501 518 erat,
524 471 735 522 falsaeque
756 470 906 510 Patres
930 471 972 509 in
994 470 1167 508 crimine
1184 467 1334 508 caedis,

274 536 580 589 Haesissetque
602 537 755 576 arx-imis
775 537 955 576 forsitan
976 535 1048 575 illa
1068 535 1191 574 fides.

214 601 300 642 Sed
323 601 534 642 Proculus
558 604 712 653 Longa
733 604 933 642 veniebat
959 601 1105 642 ‚Julius
1126 599 1266 641 Alba:

1573 664 1662 705 500

271 669 481 721 Lunaque
502 669 695 721 fulgebat
716 683 726 719 ς
757 682 834 708 nec
857 669 968 708 facis
989 681 1099 707 usus
1121 671 1225 707 erat.

212 734 320 776 Cum
344 736 490 776 subito
512 740 632 776 motu
654 737 789 775 nubes
812 747 1016 787 crepuere
1039 734 1242 775 sinistrae.

274 802 444 843 Retulit
462 803 533 842 ille
557 802 732 852 gradus,
754 801 1095 851 horrueruntque
1118 812 1268 840 comae.

212 867 416 916 Pulcher,
438 873 480 907 et
497 869 682 907 humano
703 866 858 919 major,
879 867 1117 917 trabeaque
1133 865 1325 906 decorus:

267 933 482 975 Romulus
503 934 549 973 in
569 933 714 974 media
732 934 856 974 visus
876 931 1029 973 adesse
1051 932 1127 972 via
1140 945 1156 972 ι

208 1087 236 1115 et
251 1084 357 1124 pluvia
372 1085 464 1115 densa
475 1084 588 1115 decidit
600 1084 689 1125 aquis
700 1085 819 1126 effusis,
840 1084 926 1116 Hinc
936 1087 1036 1123 tonat,
1046 1084 1115 1115 hinc
1128 1085 1233 1114 coelum
1244 1084 1395 1115 dividitur
1406 1083 1530 1123 ignibus
1543 1083 1655 1116 missi&

209 1126 404 1167 Diffugiunt.
450 1126 523 1156 Rex
531 1127 694 1164 serebatur
711 1129 750 1158 ad
771 1129 872 1158 sidera
888 1128 970 1167 equis
983 1128 1109 1167 patriis.
1155 1127 1272 1157 Moeror
1288 1127 1454 1157 incesserat
1465 1137 1477 1164 ,·
1500 1129 1530 1157 et
1546 1128 1658 1158 Patres

209 1172 306 1199 orant
316 1170 350 1198 in
358 1168 585 1204 criminefulsoe
600 1170 701 1205 necis;
723 1174 813 1209 atque
829 1169 916 1206 forte
931 1170 985 1199 illa
997 1170 1099 1208 opinio
1111 1169 1270 1199 mansisset
1282 1169 1315 1198 in
1330 1168 1490 1200 mentibus.
1541 1169 1665 1200 Verum*

207 1211 312 1241 Julius
323 1211 472 1240 Proculus
484 1210 619 1240 veniebat
638 1211 717 1241 Alba
729 1212 837 1249 Longa
845 1222 856 1247 ;
873 1214 903 1241 et
912 1211 1001 1241 Luna
1014 1211 1199 1249 splendebat,
1211 1220 1304 1250 neque
1315 1220 1389 1250 opus
1397 1215 1463 1241 erat
1475 1211 1572 1241 toeda:
1586 1220 1656 1241 cum

206 1252 299 1282 nubes
307 1252 446 1282 sinistrae
457 1254 653 1291 strepuerunt
665 1256 745 1282 motu
757 1253 924 1292 repentium
959 1253 1017 1282 Ille
1030 1252 1171 1291 repressit
1182 1254 1288 1291 pedem
1298 1262 1309 1287 ,·
1332 1255 1362 1282 et
1374 1253 1479 1291 capilli
1491 1255 1654 1283 steterunt.

208 1295 357 1327 Romulus
370 1293 545 1334 splendidus
561 1297 591 1324 et
603 1295 760 1335 procerior
776 1295 906 1334 homine,
920 1297 1010 1334 utque
1022 1297 1145 1324 ornatus
1160 1293 1278 1334 trabea,
1292 1294 1373 1324 visus
1386 1296 1488 1325 adesse
1505 1294 1539 1325 in
1554 1294 1660 1325 media

815 1413 910 1425 mose
913 1413 1047 1424 eom

207 1499 355 1531 malebat
379 1508 416 1529 en
439 1509 548 1530 remov.
563 1499 647 1530 Mox
659 1499 699 1529 P.
715 1498 786 1530 nub.
798 1500 912 1536 solem;
933 1502 967 1529 et
985 1498 1050 1529 duo
1067 1499 1252 1530 caelu-495
1274 1500 1365 1531 Maz.
1381 1503 1416 1530 et
1432 1498 1580 1540 quinque
1594 1500 1659 1532 alii

206 1544 332 1572 Intonat
349 1542 466 1572 emissis
479 1541 544 1573 abr.
557 1551 641 1572 unus
654 1542 731 1572 Pat.
743 1542 901 1572 immissis.
925 1541 1013 1571 Dein
1023 1541 1065 1572 V.
1079 1542 1250 1581 erumpitur
1263 1553 1273 1578 ,·
1289 1547 1323 1573 et
1336 1542 1393 1572 alii
1406 1542 1656 1581 obrumpitur.—

206 1587 268 1615 496
290 1584 629 1623 Fr.pet.aquz's.-497
648 1584 688 1614 P.
702 1589 736 1614 et
747 1583 1034 1623 Tliuan.falsoque.
1057 1584 1124 1613 Sex
1141 1593 1214 1614 cum
1231 1584 1443 1624 Fr.falsaeqne
1457 1585 1493 1615 Ρ.
1506 1584 1537 1614 in
1550 1584 1660 1615 crimi-

205 1638 245 1657 ηα
267 1628 399 1656 0.-498
423 1626 484 1656 Illa
505 1636 547 1656 ex
570 1626 666 1656 libris
691 1631 776 1657 vett.
800 1626 856 1656 alii
879 1627 1064 1665 imm—499
1085 1626 1141 1656 Sic
1154 1626 1286 1657 emend.
1303 1627 1421 1657 Heius.
1435 1627 1511 1656 olim
1530 1626 1652 1657 edeba-

207 1675 262 1700 tur
279 1668 339 1698 Sed
358 1669 464 1708 procul
479 1678 508 1706 ιι,
528 1669 580 1699 vel
605 1678 620 1698 e
643 1669 854 1707 longa.-—500
878 1668 956 1698 Pet.
978 1672 1014 1698 et
1036 1668 1091 1698 Fr.
1117 1678 1190 1698 cum
1209 1669 1281 1698 aliis
1307 1669 1420 1699 multis
1444 1669 1561 1708 Lunaq.
1583 1677 1652 1698 sure

202 1710 318 1750 gebat,·
340 1713 511 1741 nece—501
537 1710 681 1741 Plurimi
696 1720 780 1751 sepes
805 1720 865 1751 pro
889 1710 1001 1741 nubes:
1025 1710 1175 1740 nonnulli
1197 1711 1298 1741 etiam
1321 1720 1404 1751 sepes
1419 1714 1581 1749 tremuere,
1596 1710 1650 1741 vel

203 1762 348 1783 sonuere.-
380 1753 468 1782 alter
494 1752 583 1784 Maz.
621 1754 734 1792 species
757 1762 893 1784 sonuere.
939 1751 1082 1784 Quidam
1109 1752 1197 1782 iuter
1223 1762 1305 1793 quos
1335 1753 1426 1784 Maz.
1454 1752 1586 1783 Zulich.
1616 1755 1652 1783 et

207 1795 335 1827 Arund.
357 1794 426 1826 nub.
447 1804 567 1827 crevere
592 1795 768 1828 sim—502
784 1795 1015 1836 Horrueruntq.
1033 1804 1076 1826 ex
1098 1794 1177 1827 Pet.
1193 1795 1285 1828 Maz.
1299 1795 1411 1827 Ursin.
1426 1796 1576 1828 Voss..et
1591 1793 1653 1827 de·

849 1930 988 1963 NOTAE

204 2022 274 2052 lato
290 2020 366 2052 aere
379 2030 446 2052 non
463 2026 604 2062 apparet
620 2023 754 2054 coelum.

244 2074 305 2102 495
321 2071 539 2111 Abrumpitur]
553 2073 760 2110 Fulminibus
770 2072 896 2113 quippe

200 2125 304 2161 atque
331 2121 615 2152 coruscationibus
643 2122 751 2153 scindi
775 2123 897 2153 coelum

201 2170 338 2202 videtur
352 2171 472 2202 oculis.

241 2223 305 2252 496
328 2220 383 2252 Fie
400 2220 499 2261 juga]
545 2222 666 2262 Neque
689 2222 760 2252 sine
785 2231 896 2254 causa.

199 2269 208 2286 ‘
220 2268 431 2310 Poplifugia'
445 2270 565 2302 deinde
578 2272 793 2312 appellarunt
805 2272 896 2302 illam

200 2320 287 2350 diem
304 2320 457 2350 Romani⁴

242 2368 329 2408 Rex]
360 2369 535 2409 Romulus,
549 2370 689 2402 scilicet.

243 2418 380 2458 Patriis]
413 2419 546 2450 Martis.

240 2470 302 2498 497
318 2467 448 2508 Luctus]
463 2468 516 2499 Ob
529 2469 696 2500 sublatum
708 2470 893 2501 Romulum.

240 2517 355 2557 Falsoe]
387 2517 519 2548 Oborta
538 2524 734 2560 tempestas,
749 2521 893 2560 solisque

200 2565 362 2605 defectio,
374 2569 635 2598 consecrationis
648 2570 793 2608 speciem
807 2579 891 2608 prae·

200 2616 316 2654 buere,
331 2626 406 2647 eum
431 2627 449 2647 e
474 2623 660 2658 conspectu
677 2619 807 2649 ablatus
825 2619 893 2649 Ro-

199 2665 328 2704 mulus;
353 2670 390 2697 ut
415 2675 457 2698 ne
482 2667 697 2699 interfectum
724 2678 742 2699 a
764 2669 891 2700 Senatu

199 2716 373 2757 quisquam
387 2726 406 2747 e
422 2718 546 2757 populo
568 2718 747 2750 crederet:
773 2718 826 2749 cui
843 2718 891 2749 rei

198 2774 275 2796 mox
315 2765 427 2800 Julius
460 2767 625 2800 Proculus
659 2767 761 2801 fidem
798 2767 893 2801 feeit.

951 2021 1109 2052 Ceterum
1121 2019 1328 2061 discerptum
1338 2024 1463 2060 tamen,
1471 2021 1655 2052 utd'1ctumae

951 2079 1063 2110 supra,
1090 2070 1148 2100 vix
1173 2068 1258 2101 ullus
1286 2071 1493 2101 dubitaverit
1516 2071 1573 2111 qui
1597 2070 1648 2102 rei

952 2121 1114 2152 Romanae
1130 2121 1285 2152 notitiam
1300 2121 1466 2152 habuerit.

992 2175 1055 2203 499
1079 2173 1241 2213 Proculus]
1268 2174 1367 2204 Hunc
1390 2173 1512 2212 virum,
1529 2176 1647 2204 cetera

951 2222 1105 2262 probum,
1117 2227 1152 2252 et
1165 2222 1305 2253 Romulo
1313 2221 1475 2253 affinitate
1488 2222 1653 2262 conjunc-

951 2276 1034 2310 tum,
1061 2281 1080 2302 a
1103 2271 1256 2311 patribus
1280 2272 1499 2303 subornatum
1521 2280 1564 2302 ne
1587 2271 1655 2302 dum

950 2322 1060 2352 bites:
1086 2322 1180 2361 cujus
1203 2322 1243 2352 ad
1272 2331 1342 2353 rem
1366 2321 1646 2353 accommodatis-

949 2373 1064 2402 simam
1081 2373 1267 2403 orationem
1292 2377 1386 2413 pete,
1403 2372 1430 2403 si
1450 2373 1578 2413 placet,
1601 2380 1644 2401 ex

948 2422 1134 2453 Plutarcho
1150 2426 1208 2452 aut
1222 2423 1329 2453 Livio.

989 2471 1085 2510 Alba]
1116 2471 1214 2503 Quod
1231 2470 1398 2502 Latiifuit
1407 2470 1583 2510 oppidum,
1600 2469 1655 2501 ab·-

948 2520 1096 2551 Ascanio
1112 2521 1223 2551 AEneae
1239 2521 1307 2552 filio
1323 2521 1507 2552 conditum.

990 2573 1049 2601 501
1089 2569 1254 2609 Sinistroe]
1294 2569 1348 2601 Ad
1379 2579 1475 2601 omen
1513 2570 1645 2611 alludit,

947 2619 1034 2660 quod
1061 2630 1103 2650 ex
1127 2619 1263 2651 sinistro
1289 2619 1427 2651 fulmine
1449 2629 1488 2651 ac
1514 2619 1643 2652 tonitru

946 2669 1143 2709 captabant.

987 2722 1048 2750 502
1073 2720 1149 2763 Ille]
1173 2721 1350 2763 Proculus,
1360 2720 1504 2763 seilicet,
1521 2724 1641 2753 treme-

946 2767 1069 2802 factus.
1649 2774 1653 2778 ’
