1773 3121
226 223 339 265 1998
715 233 756 264 P.
789 232 949 263 ovinu
984 231 1197 263 NASONIS

229 328 316 370 Cur
337 341 445 370 anus
465 329 547 369 hoc
569 327 718 377 faciat,
741 328 934 381 quaeris‘l
965 328 1160 370 vinosior
1181 331 1294 369 aetas
1505 373 1512 377 ⁴
1602 324 1689 366 765

286 397 404 437 Haec
425 400 505 445 est,
527 400 568 436 et
589 395 780 448 gravidae
802 410 979 437 munera
999 397 1099 437 vitis
1121 407 1290 436 amans.

228 464 317 505 Cur
338 464 501 505 hedera
522 465 665 505 cincta
685 464 776 505 est?
807 464 971 506 hedera
991 468 1061 505 est
1082 463 1329 517 gratissima
1347 461 1542 503 Baccho.

285 531 389 572 Hoc
412 545 587 585 quoque
609 545 683 572 cur
703 532 763 573 ita
784 532 854 582 sit,
877 531 1022 573 dicere
1043 532 1162 572 nulla
1180 543 1304 572 mora
1325 534 1406 572 est.

227 598 459 653 Nysiadesff
474 599 715 655 Nymphae,
737 613 919 653 puerum
938 603 1158 654 quaerente
1177 609 1385 649 noverca,

286 667 419 709 Hanc
439 668 638 709 frondem
658 669 783 710 cunis
805 681 1050 722 apposuere
1071 668 1210 708 novis.
1605 663 1689 704 '770

228 734 406 785 Restat,
428 739 476 776 ut
496 736 730 786 inveniam,
753 748 886 788 quare
907 738 1009 787 toga
1028 736 1168 776 libera
1189 735 1315 776 detur

284 803 484 845 Lucifero
504 804 666 856 pueris,
689 802 874 843 candide
897 802 1090 851 Bacche,
1112 806 1205 843 tuo.

227 870 350 920 Sive,
371 871 488 924 quod
508 871 604 923 ipse
623 882 732 922 puer
753 882 924 923 semper
940 869 1203 922 juvenisque
1223 869 1389 911 videris
1407 882 1419 921 3

284 937 341 979 Et
361 937 508 978 media
528 940 594 978 est
615 940 726 978 aetas
746 937 852 977 inter
871 941 1104 989 utrumque
1126 936 1231 978 tibi:

228 1004 318 1046 Seu
339 1006 444 1059 quia
465 1010 511 1046 tu
530 1007 658 1058 pater
674 1017 738 1055 eS,
761 1008 927 1058 patres,
951 1017 1035 1046 sua
1052 1005 1253 1059 pignora,
1274 1006 1402 1046 natos
1603 1002 1689 1044 775

285 1071 605 1113 Commendant
627 1085 743 1113 curae
764 1072 1105 1126 numinibusque
1128 1073 1233 1114 tuis.

229 1140 350 1189 Sive,
372 1139 494 1192 quod
515 1152 563 1180 es
585 1139 730 1188 Liber,
752 1140 890 1180 vestis
909 1152 1082 1193 quoque
1104 1139 1246 1182 libera
1267 1152 1346 1194 per
1367 1144 1411 1181 te

286 1206 496 1255 Sumitur‚
519 1210 562 1246 et
580 1206 682 1247 vitae
705 1206 923 1246 liberioris
945 1207 1041 1247 iter.

227 1339 329 1371 obrem
343 1348 421 1370 anus
446 1338 531 1368 istud
549 1337 681 1376 faciat?
712 1339 776 1369 haec
803 1342 879 1369 oetas
903 1343 950 1370 est
975 1339 1076 1378 magis
1099 1338 1205 1370 dedita
1229 1338 1312 1377 vino,
1338 1340 1369 1369 et
1393 1347 1501 1370 amans
1515 1339 1593 1370 dona
1616 1340 1692 1372 vitis

226 1385 355 1413 onuseae.
405 1380 608 1415 Quamobrem
629 1381 671 1410 sit
694 1384 776 1411 tecta
792 1381 928 1413 hedera?
952 1382 1064 1412 hedera
1079 1384 1127 1412 est
1147 1381 1334 1420 gratissima
1350 1381 1484 1412 Baccho.
1531 1381 1630 1413 Nulla
1646 1386 1692 1413 est

226 1425 322 1456 etiam
335 1422 500 1464 difficultas
514 1421 628 1460 dicere,
646 1423 839 1461 quamobrem
863 1423 918 1453 hoc
941 1423 987 1453 ita
1002 1423 1056 1453 sit.
1102 1423 1259 1463 Nympha>
1278 1423 1430 1462 Nysiades
1443 1427 1621 1462 sparserunt
1634 1424 1691 1456 illa.

219 1467 303 1505 folia
317 1466 350 1496 in
372 1474 466 1495 novas
479 1474 584 1495 οιιηαε.
629 1464 789 1504 Superest,
817 1467 851 1494 ut
877 1466 1044 1505 reperiam,
1071 1465 1266 1504 quamobrem
1293 1468 1367 1503 toga
1393 1464 1492 1495 libera
1514 1465 1692 1505 proebentur

224 1508 332 1549 pueris
357 1511 409 1538 tuo
436 1507 499 1546 die,
529 1507 651 1538 Bacche
677 1507 844 1546 splendide.
894 1507 981 1547 Sive,
1009 1507 1082 1547 quia
1107 1507 1172 1548 ipse
1202 1506 1318 1538 videris
1347 1516 1467 1548 semper
1491 1516 1571 1548 puer
1600 1511 1692 1549 atque

219 1549 359 1589 juvenis,
381 1553 410 1580 et
435 1553 514 1580 oetas
537 1553 584 1581 est
604 1549 663 1580 tibi
686 1550 786 1580 media
809 1549 891 1580 inter
916 1553 1096 1590 utrumque.-
1121 1560 1187 1589 seu,
1212 1550 1285 1590 quia
1300 1552 1336 1581 tu
1359 1559 1392 1580 es
1405 1560 1528 1591 parens,
1547 1553 1694 1591 parentes

227 1593 438 1625 commendant
462 1592 572 1623 liberos
585 1602 641 1623 sua
665 1591 798 1633 pignora
819 1603 902 1624 σανα)
926 1596 955 1624 et
978 1592 1183 1633 potestatibus
1207 1593 1282 1625 tuis.
1326 1591 1413 1633 Sive,
1428 1593 1506 1634 quod
1531 1603 1562 1625 es
1587 1593 1694 1635 Liber,

844 1676 1081 1689 eeeeeeeeeeee

225 1734 369 1772 proestat,
392 1731 547 1770 proxime
574 1740 703 1762 verum.
729 1731 950 1762 Heins.—765
975 1731 1078 1761 Multi
1107 1741 1149 1762 ex
1180 1730 1316 1772 scriptis
1343 1731 1409 1762 hoec
1433 1741 1496 1772 pro
1519 1731 1693 1764 hoa—766

229 1775 292 1804 Est
307 1773 404 1804 dedit
421 1774 542 1806 Heius,
557 1783 600 1804 ex
618 1774 707 1805 Laeti
722 1774 779 1806 lib.
797 1779 832 1805 et
857 1774 932 1805 aliis
958 1774 1125 1804 nonnullis
1142 1783 1202 1813 pro
1219 1774 1307 1814 vulg.
1324 1777 1404 1806 erat.
1452 1774 1604 1815 Nauger.
1627 1775 1693 1806 Ur-

230 1817 293 1847 sin.
310 1817 400 1847 Maz.
417 1816 548 1847 Zulich.
568 1826 615 1857 pr.
633 1816 675 1847 A.
693 1821 729 1848 et
746 1817 801 1847 alii
818 1817 967 1848 nonnulli
986 1826 1111 1852 amans,·
1135 1817 1242 1847 ceteri
1266 1826 1342 1848 cum
1369 1816 1462 1857 vulg.
1487 1820 1694 1849 amat.—¹76⁷

229 1859 286 1889 Fr.
310 1859 437 1890 omittit
461 1858 498 1889 τὸ
523 1862 689 1891 est.—769
712 1859 752 1890 In
780 1859 982 1901 quibusdam
1010 1859 1172 1890 scribitur
1191 1859 1345 1898 Niliades,
1363 1859 1517 1899 Niseides,
1534 1860 1693 1893 Nisiades.

229 1902 374 1932 Plurimi
402 1901 507 1933 Codd.
543 1902 698 1943 Nysiades
726 1903 880 1943 Nympha.³
908 1912 970 1943 pro
986 1902 1074 1942 vulg.
1104 1902 1260 1942 Nysiadas
1285 1902 1565 1942 Nymphas.—770
1588 1902 1694 1933 Ham-

231 1944 329 1984 burg.
345 1944 432 1975 cistis
449 1954 510 1984 pro
527 1945 622 1975 cunis.
667 1945 750 1975 Tum
776 1947 976 1985 plerumque
1002 1945 1180 1981 legebatur
1193 1944 1367 1984 opposuisse
1384 1943 1521 1981 serunt5
1544 1947 1579 1974 et
1600 1954 1693 1984 appo-

230 1987 325 2017 suisse
342 1996 393 2026 pr.
410 1986 503 2017 Med.
522 1992 557 2017 et
571 1996 630 2017 sex
646 1987 722 2018 alii:
741 1997 907 2028 opposuere
920 1988 1006 2018 novis
1024 1988 1112 2018 Maz.
1130 1987 1259 2017 Zulich.
1274 1986 1371 2016 Voss.
1388 1985 1517 2016 Arnnd.
1535 1995 1585 2026 pr.
1602 1986 1644 2019 A.
1657 1991 1694 2018 et

231 2038 318 2059 unus
335 2029 376 2059 V.
426 2029 544 2059 Heius.
563 2029 684 2060 suadet
708 2031 884 2070 apposuisse
911 2031 1113 2060 novis—772
1138 2028 1252 2060 Ursin.
1283 2028 1372 2059 Maz.
1403 2027 1534 2058 Zulich.
1565 2037 1618 2068 pr.
1649 2028 1692 2061 A.

231 2075 268 2101 et
283 2080 343 2100 sex
359 2070 414 2100 alii
431 2071 594 2101 exhibent
612 2071 777 2110 Lucifero;
802 2072 939 2111 plurimi
956 2072 1039 2102 editi
1056 2070 1231 2108 Luciferis.-
1256 2070 1352 2101 multi
1364 2069 1441 2101 libri
1458 2070 1640 2108 Luciferis,
1657 2075 1693 2103 et

231 2121 309 2143 mox
325 2113 390 2143 tuis
407 2113 458 2142 vel
475 2116 552 2148 tuch-
576 2114 631 2143 alii
647 2114 729 2144 Luce
743 2113 917 2151 feris...tua
929 2125 939 2144 .-
966 2114 1041 2144 Pet.
1057 2112 1311 2151 Luciferi...tua.·
1335 2113 1488 2143 nonnulli
1504 2114 1587 2144 Luce
1609 2114 1692 2154 geri.

230 2156 337 2186 ——774
361 2154 461 2186 Alter
478 2155 567 2186 Maz.
584 2156 640 2186 int.
657 2160 816 2196 utramque
832 2156 953 2187 tib.-—7
958 2159 999 2186 76
1022 2155 1124 2186 Liber
1149 2160 1244 2186 vetus
1260 2155 1611 2195 nominibusque—779
1633 2156 1690 2188 Fr.

893 2259 1032 2292 NOTAE

276 2336 337 2365 765
364 2334 448 2374 Hoc]
472 2335 584 2367 Vocat
601 2336 763 2377 populum
787 2336 828 2367 ad
853 2335 934 2375 liba,
1030 2336 1093 2364 770
1116 2333 1308 2375 Apposuere]
1332 2335 1387 2366 Ne
1410 2345 1429 2366 a
1452 2336 1589 2368 Junone
1605 2347 1690 2378 puer

233 2389 269 2415 et
285 2385 412 2415 Bacchi
428 2384 524 2416 festa.
988 2384 1142 2415 Bacchus
1158 2385 1340 2417 videretur.
1358 2386 1504 2417 Centum
1515 2396 1595 2418 vero
1608 2387 1690 2418 alias

276 2437 339 2465 768
363 2435 448 2474 Hoc]
478 2437 524 2467 Ut
548 2437 693 2468 Bacchae
720 2446 778 2467 seu
806 2437 934 2467 Maena-
988 2434 1222 2475 hujuscemodi
1250 2446 1357 2477 nugas
1383 2437 1446 2469 hac
1473 2437 1515 2469 de
1540 2448 1577 2471 re
1604 2438 1690 2471 refe-

234 2483 291 2514 des
309 2483 432 2514 hedera
451 2487 646 2525 cinguntur.
988 2491 1066 2517 runt
1083 2488 1289 2528 Mytliologi.

277 2536 341 2565 769
358 2535 524 2576 Nysiaeules]
549 2537 634 2568 Quae
653 2537 779 2576 Nysam
799 2537 933 2568 Arabiae
1031 2540 1091 2567 771
1117 2537 1247 2578 Libera]
1284 2537 1424 2576 Virilis3
1448 2547 1522 2578 quae
1544 2541 1579 2569 et
1604 2547 1692 2579 pura

234 2583 364 2624 urbem,
381 2586 435 2615 ubi
451 2596 469 2615 a
489 2587 652 2626 Nymphis
669 2587 833 2618 educatus
853 2588 935 2618 Bac·
990 2593 1024 2618 et
1042 2594 1136 2620 recta
1153 2589 1352 2620 dicebatur:
1379 2598 1479 2629 quam
1503 2589 1616 2620 aetatis
1633 2600 1691 2621 an-

235 2634 329 2673 chus,
344 2634 571 2666 incoluerunt.
989 2647 1032 2667 no
1061 2641 1109 2669 16.
1135 2638 1287 2679 deposita
1317 2643 1498 2679 praetexta,
1514 2639 1692 2681 tironibus,

280 2684 435 2724 Noverca]
472 2685 619 2725 Junone,
646 2687 717 2717 scil.
745 2687 934 2727 pellicibus,
989 2691 1067 2721 vita:
1084 2691 1251 2721 liberioris
1268 2691 1442 2729 iudicium,
1463 2690 1677 2730 praebebant.

236 2737 340 2775 atque
357 2745 400 2766 ex
416 2735 480 2766 illis
506 2736 596 2768 natis
618 2737 748 2779 libem,
764 2747 934 2780 nunquam
1031 2744 1094 2772 772
1117 2741 1263 2780 Lucifera
1279 2741 1346 2782 tuo]
1370 2742 1437 2773 Die
1456 2742 1516 2773 tibi
1532 2741 1632 2774 festo.

236 2793 302 2815 non
320 2783 457 2818 infesta.
1030 2794 1093 2823 774
1121 2792 1308 2834 Utrumque]
1357 2792 1505 2825 Puerum
1533 2797 1568 2825 et
1589 2793 1688 2835 juve-
