<?xml version="1.0" encoding="UTF-8"?>
<!DOCTYPE html PUBLIC "-//W3C//DTD XHTML 1.0 Transitional//EN"
    "http://www.w3.org/TR/xhtml1/DTD/xhtml1-transitional.dtd">
<html xmlns="http://www.w3.org/1999/xhtml" xml:lang="en" lang="en">
 <head>
  <title>
</title>
<meta http-equiv="Content-Type" content="text/html;charset=utf-8" />
  <meta name='ocr-system' content='tesseract 3.04.00' />
  <meta name='ocr-capabilities' content='ocr_page ocr_carea ocr_par ocr_line ocrx_word'/>
</head>
<body>
  <div class='ocr_page' id='page_1' title='image "./operaomniaexedit04oviduoft_0153.png"; bbox 0 0 1773 3121; ppageno 0'>
   <div class='ocr_carea' id='block_1_1' title="bbox 455 216 1551 258">
    <p class='ocr_par' dir='ltr' id='par_1_1' title="bbox 455 216 1551 258">
     <span class='ocr_line' id='line_1_1' title="bbox 455 216 1551 258; baseline 0.002 -4"><span class='ocrx_word' id='word_1_1' title='bbox 455 222 927 255; x_wconf 71' lang='lat' dir='ltr'><strong>METAmoRPHOSEON</strong></span> <span class='ocrx_word' id='word_1_2' title='bbox 961 223 1057 254; x_wconf 78' lang='lat' dir='ltr'><strong>mn.</strong></span> <span class='ocrx_word' id='word_1_3' title='bbox 1089 223 1173 254; x_wconf 83' lang='lat' dir='ltr'><strong>xv,</strong></span> <span class='ocrx_word' id='word_1_4' title='bbox 1428 216 1551 258; x_wconf 73' lang='lat'><strong>1771.</strong></span> 
     </span>
    </p>
   </div>
   <div class='ocr_carea' id='block_1_2' title="bbox 87 315 1334 706">
    <p class='ocr_par' dir='ltr' id='par_1_2' title="bbox 87 315 1334 706">
     <span class='ocr_line' id='line_1_2' title="bbox 91 315 1272 372; baseline -0.002 -12"><span class='ocrx_word' id='word_1_5' title='bbox 91 317 414 372; x_wconf 87' lang='lat' dir='ltr'><strong>Parthenopen,</strong></span> <span class='ocrx_word' id='word_1_6' title='bbox 435 321 477 358; x_wconf 86' lang='lat' dir='ltr'><strong>et</strong></span> <span class='ocrx_word' id='word_1_7' title='bbox 495 317 551 357; x_wconf 88' lang='lat' dir='ltr'><strong>ab</strong></span> <span class='ocrx_word' id='word_1_8' title='bbox 572 316 655 357; x_wconf 87' lang='lat' dir='ltr'><strong>hac</strong></span> <span class='ocrx_word' id='word_1_9' title='bbox 674 315 870 357; x_wconf 85' lang='lat' dir='ltr'><strong>Cumaeae</strong></span> <span class='ocrx_word' id='word_1_10' title='bbox 892 317 1054 370; x_wconf 86' lang='lat' dir='ltr'><strong>templa</strong></span> <span class='ocrx_word' id='word_1_11' title='bbox 1073 317 1272 372; x_wconf 86' lang='lat' dir='ltr'><strong>Sibyllae.</strong></span> 
     </span>
     <span class='ocr_line' id='line_1_3' title="bbox 90 383 1171 436; baseline -0.001 -10"><span class='ocrx_word' id='word_1_12' title='bbox 90 385 212 426; x_wconf 91' lang='lat' dir='ltr'><strong>Hinc</strong></span> <span class='ocrx_word' id='word_1_13' title='bbox 234 385 363 426; x_wconf 91' lang='lat' dir='ltr'><strong>calidi</strong></span> <span class='ocrx_word' id='word_1_14' title='bbox 383 383 537 432; x_wconf 84' lang='lat' dir='ltr'><strong>fontes,</strong></span> <span class='ocrx_word' id='word_1_15' title='bbox 558 383 957 436; x_wconf 87' lang='lat' dir='ltr'><strong>lentisciferumque</strong></span> <span class='ocrx_word' id='word_1_16' title='bbox 978 389 1171 425; x_wconf 88' lang='lat' dir='ltr'><strong>tenentur</strong></span> 
     </span>
     <span class='ocr_line' id='line_1_4' title="bbox 91 450 1311 504; baseline -0.001 -11"><span class='ocrx_word' id='word_1_17' title='bbox 91 452 331 500; x_wconf 88' lang='lat' dir='ltr'><strong>Liternum,</strong></span> <span class='ocrx_word' id='word_1_18' title='bbox 352 450 621 504; x_wconf 87' lang='lat' dir='ltr'><strong>multamque</strong></span> <span class='ocrx_word' id='word_1_19' title='bbox 646 450 818 491; x_wconf 85' lang='lat' dir='ltr'><strong>trahens</strong></span> <span class='ocrx_word' id='word_1_20' title='bbox 842 451 925 491; x_wconf 91' lang='lat' dir='ltr'><strong>sub</strong></span> <span class='ocrx_word' id='word_1_21' title='bbox 947 453 1114 503; x_wconf 82' lang='lat' dir='ltr'><strong>gurgite</strong></span> <span class='ocrx_word' id='word_1_22' title='bbox 1137 464 1311 492; x_wconf 86' lang='lat' dir='ltr'><strong>arenam</strong></span> 
     </span>
     <span class='ocr_line' id='line_1_5' title="bbox 89 517 1310 571; baseline -0.001 -12"><span class='ocrx_word' id='word_1_23' title='bbox 89 517 346 566; x_wconf 84' lang='lat' dir='ltr'><strong>Vulturnus,</strong></span> <span class='ocrx_word' id='word_1_24' title='bbox 368 517 594 571; x_wconf 88' lang='lat' dir='ltr'><strong>niveisque</strong></span> <span class='ocrx_word' id='word_1_25' title='bbox 613 517 815 571; x_wconf 82' lang='lat' dir='ltr'><strong>frequens</strong></span> <span class='ocrx_word' id='word_1_26' title='bbox 838 518 1047 559; x_wconf 87' lang='lat' dir='ltr'><strong>Sinuessa</strong></span> <span class='ocrx_word' id='word_1_27' title='bbox 1068 518 1310 571; x_wconf 81' lang='lat' dir='ltr'><strong>columbis3</strong></span> 
     </span>
     <span class='ocr_line' id='line_1_6' title="bbox 90 585 1309 637; baseline 0 -11"><span class='ocrx_word' id='word_1_28' title='bbox 90 585 411 637; x_wconf 78' lang='lat' dir='ltr'><strong>Minturnaeque</strong></span> <span class='ocrx_word' id='word_1_29' title='bbox 431 596 603 635; x_wconf 88' lang='lat' dir='ltr'><strong>graves,</strong></span> <span class='ocrx_word' id='word_1_30' title='bbox 632 588 674 624; x_wconf 88' lang='lat' dir='ltr'><strong>et</strong></span> <span class='ocrx_word' id='word_1_31' title='bbox 694 597 826 637; x_wconf 89' lang='lat' dir='ltr'><strong>quam</strong></span> <span class='ocrx_word' id='word_1_32' title='bbox 846 585 1075 625; x_wconf 83' lang='lat' dir='ltr'><strong>tumulavit</strong></span> <span class='ocrx_word' id='word_1_33' title='bbox 1091 585 1309 635; x_wconf 86' lang='lat' dir='ltr'><strong>alumnus,</strong></span> 
     </span>
     <span class='ocr_line' id='line_1_7' title="bbox 87 650 1334 706; baseline -0.001 -12"><span class='ocrx_word' id='word_1_34' title='bbox 87 650 432 706; x_wconf 83' lang='lat' dir='ltr'><strong>Antiphataeque</strong></span> <span class='ocrx_word' id='word_1_35' title='bbox 453 650 626 701; x_wconf 90' lang='lat' dir='ltr'><strong>domus,</strong></span> <span class='ocrx_word' id='word_1_36' title='bbox 647 651 929 706; x_wconf 88' lang='lat' dir='ltr'><strong>Trachasque</strong></span> <span class='ocrx_word' id='word_1_37' title='bbox 951 653 1137 693; x_wconf 85' lang='lat' dir='ltr'><strong>obsessa</strong></span> <span class='ocrx_word' id='word_1_38' title='bbox 1156 652 1334 706; x_wconf 86' lang='lat' dir='ltr'><strong>palude,</strong></span> 
     </span>
    </p>
   </div>
   <div class='ocr_carea' id='block_1_3' title="bbox 1455 518 1546 561">
    <p class='ocr_par' dir='ltr' id='par_1_3' title="bbox 1455 518 1546 561">
     <span class='ocr_line' id='line_1_8' title="bbox 1455 518 1546 561; baseline 0.011 -1"><span class='ocrx_word' id='word_1_39' title='bbox 1455 518 1546 561; x_wconf 84' lang='lat'><strong>715</strong></span> 
     </span>
    </p>
   </div>
   <div class='ocr_carea' id='block_1_4' title="bbox 80 781 1543 953">
    <p class='ocr_par' dir='ltr' id='par_1_4' title="bbox 80 781 1543 953">
     <span class='ocr_line' id='line_1_9' title="bbox 87 781 1543 825; baseline 0.001 -13"><span class='ocrx_word' id='word_1_40' title='bbox 87 783 119 812; x_wconf 75' lang='lat' dir='ltr'><strong>et</strong></span> <span class='ocrx_word' id='word_1_41' title='bbox 134 781 350 822; x_wconf 82' lang='lat' dir='ltr'><strong>Parthenopen</strong></span> <span class='ocrx_word' id='word_1_42' title='bbox 356 781 480 820; x_wconf 79' lang='lat' dir='ltr'><strong>suctum</strong></span> <span class='ocrx_word' id='word_1_43' title='bbox 495 783 535 813; x_wconf 86' lang='lat' dir='ltr'><strong>ad</strong></span> <span class='ocrx_word' id='word_1_44' title='bbox 549 783 625 822; x_wconf 81' lang='lat' dir='ltr'><strong>otia,</strong></span> <span class='ocrx_word' id='word_1_45' title='bbox 645 787 675 814; x_wconf 85' lang='lat' dir='ltr'><strong>et</strong></span> <span class='ocrx_word' id='word_1_46' title='bbox 701 787 770 824; x_wconf 79' lang='lat' dir='ltr'><strong>post</strong></span> <span class='ocrx_word' id='word_1_47' title='bbox 784 784 861 815; x_wconf 85' lang='lat' dir='ltr'><strong>hanc</strong></span> <span class='ocrx_word' id='word_1_48' title='bbox 876 785 990 825; x_wconf 84' lang='lat' dir='ltr'><strong>templa</strong></span> <span class='ocrx_word' id='word_1_49' title='bbox 1012 783 1142 824; x_wconf 74' lang='lat' dir='ltr'><strong>Sibyllae</strong></span> <span class='ocrx_word' id='word_1_50' title='bbox 1160 784 1304 814; x_wconf 83' lang='lat' dir='ltr'><strong>Cumaeoe.</strong></span> <span class='ocrx_word' id='word_1_51' title='bbox 1350 783 1428 814; x_wconf 84' lang='lat' dir='ltr'><strong>Inde</strong></span> <span class='ocrx_word' id='word_1_52' title='bbox 1444 782 1543 824; x_wconf 77' lang='lat' dir='ltr'><strong>tepidi</strong></span> 
     </span>
     <span class='ocr_line' id='line_1_10' title="bbox 80 821 1540 867; baseline 0.001 -13"><span class='ocrx_word' id='word_1_53' title='bbox 80 821 198 863; x_wconf 73' lang='lat' dir='ltr'><strong>sontes,</strong></span> <span class='ocrx_word' id='word_1_54' title='bbox 220 827 251 855; x_wconf 78' lang='lat' dir='ltr'><strong>et</strong></span> <span class='ocrx_word' id='word_1_55' title='bbox 269 825 455 856; x_wconf 76' lang='lat' dir='ltr'><strong>Linternum</strong></span> <span class='ocrx_word' id='word_1_56' title='bbox 477 825 699 864; x_wconf 79' lang='lat' dir='ltr'><strong>lentisciferum</strong></span> <span class='ocrx_word' id='word_1_57' title='bbox 722 832 918 866; x_wconf 73' lang='lat' dir='ltr'><strong>superantur,</strong></span> <span class='ocrx_word' id='word_1_58' title='bbox 943 830 1034 867; x_wconf 80' lang='lat' dir='ltr'><strong>atque</strong></span> <span class='ocrx_word' id='word_1_59' title='bbox 1065 825 1233 858; x_wconf 78' lang='lat' dir='ltr'><strong>Vulturnus</strong></span> <span class='ocrx_word' id='word_1_60' title='bbox 1257 827 1370 856; x_wconf 80' lang='lat' dir='ltr'><strong>ducens</strong></span> <span class='ocrx_word' id='word_1_61' title='bbox 1382 825 1438 855; x_wconf 82' lang='lat' dir='ltr'><strong>sub</strong></span> <span class='ocrx_word' id='word_1_62' title='bbox 1452 826 1540 866; x_wconf 77' lang='lat' dir='ltr'><strong>aquis</strong></span> 
     </span>
     <span class='ocr_line' id='line_1_11' title="bbox 86 865 1543 910; baseline 0.002 -14"><span class='ocrx_word' id='word_1_63' title='bbox 86 865 214 897; x_wconf 81' lang='lat' dir='ltr'><strong>multam</strong></span> <span class='ocrx_word' id='word_1_64' title='bbox 235 868 387 907; x_wconf 78' lang='lat' dir='ltr'><strong>glaream,</strong></span> <span class='ocrx_word' id='word_1_65' title='bbox 413 871 443 898; x_wconf 85' lang='lat' dir='ltr'><strong>et</strong></span> <span class='ocrx_word' id='word_1_66' title='bbox 465 867 610 899; x_wconf 79' lang='lat' dir='ltr'><strong>Sinuessa</strong></span> <span class='ocrx_word' id='word_1_67' title='bbox 625 868 783 900; x_wconf 75' lang='lat' dir='ltr'><strong>abundum</strong></span> <span class='ocrx_word' id='word_1_68' title='bbox 797 870 876 901; x_wconf 75' lang='lat' dir='ltr'><strong>albis</strong></span> <span class='ocrx_word' id='word_1_69' title='bbox 889 869 1078 910; x_wconf 74' lang='lat' dir='ltr'><strong>serpentibus</strong></span> <span class='ocrx_word' id='word_1_70' title='bbox 1091 880 1104 906; x_wconf 93' lang='lat'><strong>‚·</strong></span> <span class='ocrx_word' id='word_1_71' title='bbox 1126 872 1157 899; x_wconf 79' lang='lat' dir='ltr'><strong>et</strong></span> <span class='ocrx_word' id='word_1_72' title='bbox 1173 869 1346 899; x_wconf 79' lang='lat' dir='ltr'><strong>Minturnoe</strong></span> <span class='ocrx_word' id='word_1_73' title='bbox 1360 868 1543 906; x_wconf 67' lang='lat' dir='ltr'><strong>insalubres,</strong></span> 
     </span>
     <span class='ocr_line' id='line_1_12' title="bbox 87 910 1540 953; baseline 0.003 -15"><span class='ocrx_word' id='word_1_74' title='bbox 87 911 118 938; x_wconf 80' lang='lat' dir='ltr'><strong>et</strong></span> <span class='ocrx_word' id='word_1_75' title='bbox 131 918 224 948; x_wconf 75' lang='lat' dir='ltr'><strong>quam</strong></span> <span class='ocrx_word' id='word_1_76' title='bbox 248 910 390 941; x_wconf 79' lang='lat' dir='ltr'><strong>alumnus</strong></span> <span class='ocrx_word' id='word_1_77' title='bbox 407 911 559 951; x_wconf 71' lang='lat' dir='ltr'><strong>sepelivit,</strong></span> <span class='ocrx_word' id='word_1_78' title='bbox 574 914 605 942; x_wconf 86' lang='lat' dir='ltr'><strong>et</strong></span> <span class='ocrx_word' id='word_1_79' title='bbox 621 912 706 942; x_wconf 80' lang='lat' dir='ltr'><strong>sedes</strong></span> <span class='ocrx_word' id='word_1_80' title='bbox 725 913 918 953; x_wconf 73' lang='lat' dir='ltr'><strong>Antiphatae,</strong></span> <span class='ocrx_word' id='word_1_81' title='bbox 941 915 972 943; x_wconf 84' lang='lat' dir='ltr'><strong>et</strong></span> <span class='ocrx_word' id='word_1_82' title='bbox 1002 911 1136 943; x_wconf 75' lang='lat' dir='ltr'><strong>Trachas</strong></span> <span class='ocrx_word' id='word_1_83' title='bbox 1149 911 1339 942; x_wconf 75' lang='lat' dir='ltr'><strong>circumdata</strong></span> <span class='ocrx_word' id='word_1_84' title='bbox 1361 911 1487 951; x_wconf 82' lang='lat' dir='ltr'><strong>palude,</strong></span> <span class='ocrx_word' id='word_1_85' title='bbox 1507 913 1540 942; x_wconf 67' lang='lat' dir='ltr'><strong>et</strong></span> 
     </span>
    </p>
   </div>
   <div class='ocr_carea' id='block_1_5' title="bbox 697 1000 931 1012">
    <p class='ocr_par' dir='ltr' id='par_1_5' title="bbox 697 1000 931 1012">
     <span class='ocr_line' id='line_1_13' title="bbox 697 1000 931 1012; baseline 0.009 -2"><span class='ocrx_word' id='word_1_86' title='bbox 697 1000 931 1012; x_wconf 68' lang='lat' dir='ltr'><strong>oeeeeaeeeoeee</strong></span> 
     </span>
    </p>
   </div>
   <div class='ocr_carea' id='block_1_6' title="bbox 88 1051 1544 1180">
    <p class='ocr_par' dir='ltr' id='par_1_6' title="bbox 88 1051 1544 1180">
     <span class='ocr_line' id='line_1_14' title="bbox 89 1051 1544 1096; baseline 0.001 -13"><span class='ocrx_word' id='word_1_87' title='bbox 89 1051 242 1084; x_wconf 79' lang='lat' dir='ltr'><strong>scribunt</strong></span> <span class='ocrx_word' id='word_1_88' title='bbox 260 1054 411 1094; x_wconf 55' lang='lat' dir='ltr'><strong>Caprium</strong></span> <span class='ocrx_word' id='word_1_89' title='bbox 435 1059 469 1086; x_wconf 88' lang='lat' dir='ltr'><strong>et</strong></span> <span class='ocrx_word' id='word_1_90' title='bbox 485 1065 562 1087; x_wconf 89' lang='lat' dir='ltr'><strong>mox</strong></span> <span class='ocrx_word' id='word_1_91' title='bbox 574 1056 960 1096; x_wconf 81' lang='lat' dir='ltr'><strong>promuntoriumq.—718</strong></span> <span class='ocrx_word' id='word_1_92' title='bbox 981 1056 1135 1088; x_wconf 76' lang='lat' dir='ltr'><strong>Tenentur</strong></span> <span class='ocrx_word' id='word_1_93' title='bbox 1150 1065 1192 1086; x_wconf 84' lang='lat' dir='ltr'><strong>ex</strong></span> <span class='ocrx_word' id='word_1_94' title='bbox 1208 1055 1326 1087; x_wconf 78' lang='lat' dir='ltr'><strong>Urbin.</strong></span> <span class='ocrx_word' id='word_1_95' title='bbox 1342 1064 1392 1095; x_wconf 92' lang='lat' dir='ltr'><strong>pr.</strong></span> <span class='ocrx_word' id='word_1_96' title='bbox 1408 1055 1488 1086; x_wconf 88' lang='lat' dir='ltr'><strong>Bas.</strong></span> <span class='ocrx_word' id='word_1_97' title='bbox 1505 1057 1544 1086; x_wconf 77' lang='lat' dir='ltr'><strong>et</strong></span> 
     </span>
     <span class='ocr_line' id='line_1_15' title="bbox 90 1095 1540 1138; baseline 0.002 -14"><span class='ocrx_word' id='word_1_98' title='bbox 90 1095 238 1136; x_wconf 88' lang='lat' dir='ltr'><strong>quinque</strong></span> <span class='ocrx_word' id='word_1_99' title='bbox 254 1096 346 1127; x_wconf 80' lang='lat' dir='ltr'><strong>aliis:</strong></span> <span class='ocrx_word' id='word_1_100' title='bbox 366 1098 454 1138; x_wconf 84' lang='lat' dir='ltr'><strong>vulg.</strong></span> <span class='ocrx_word' id='word_1_101' title='bbox 470 1101 707 1129; x_wconf 56' lang='lat' dir='ltr'><strong>tenentia—714</strong></span> <span class='ocrx_word' id='word_1_102' title='bbox 732 1097 875 1128; x_wconf 74' lang='lat' dir='ltr'><strong>Plur‘imi</strong></span> <span class='ocrx_word' id='word_1_103' title='bbox 888 1098 1042 1129; x_wconf 88' lang='lat' dir='ltr'><strong>scribunt</strong></span> <span class='ocrx_word' id='word_1_104' title='bbox 1067 1099 1368 1129; x_wconf 53' lang='lat' dir='ltr'><strong>Lauernam—⁷15</strong></span> <span class='ocrx_word' id='word_1_105' title='bbox 1393 1097 1451 1127; x_wconf 88' lang='lat' dir='ltr'><strong>Pr.</strong></span> <span class='ocrx_word' id='word_1_106' title='bbox 1465 1097 1540 1128; x_wconf 80' lang='lat' dir='ltr'><strong>Pal.</strong></span> 
     </span>
     <span class='ocr_line' id='line_1_16' title="bbox 88 1138 1542 1180; baseline 0.001 -12"><span class='ocrx_word' id='word_1_107' title='bbox 88 1142 124 1168; x_wconf 88' lang='lat' dir='ltr'><strong>et</strong></span> <span class='ocrx_word' id='word_1_108' title='bbox 136 1146 195 1169; x_wconf 82' lang='lat' dir='ltr'><strong>sex</strong></span> <span class='ocrx_word' id='word_1_109' title='bbox 207 1138 264 1170; x_wconf 86' lang='lat' dir='ltr'><strong>alii</strong></span> <span class='ocrx_word' id='word_1_110' title='bbox 287 1139 567 1172; x_wconf 52' lang='lat' dir='ltr'><strong>Volturnum—71⁵</strong></span> <span class='ocrx_word' id='word_1_111' title='bbox 579 1140 729 1171; x_wconf 89' lang='lat' dir='ltr'><strong>Berolin.</strong></span> <span class='ocrx_word' id='word_1_112' title='bbox 745 1139 778 1171; x_wconf 86' lang='lat' dir='ltr'><strong>S.</strong></span> <span class='ocrx_word' id='word_1_113' title='bbox 793 1139 1041 1172; x_wconf 60' lang='lat' dir='ltr'><strong>colubria—718</strong></span> <span class='ocrx_word' id='word_1_114' title='bbox 1064 1141 1159 1171; x_wconf 84' lang='lat' dir='ltr'><strong>Unus</strong></span> <span class='ocrx_word' id='word_1_115' title='bbox 1175 1140 1218 1172; x_wconf 89' lang='lat' dir='ltr'><strong>V.</strong></span> <span class='ocrx_word' id='word_1_116' title='bbox 1232 1139 1368 1180; x_wconf 76' lang='lat' dir='ltr'><strong>etsparsi</strong></span> <span class='ocrx_word' id='word_1_117' title='bbox 1379 1140 1399 1170; x_wconf 91' lang='lat' dir='ltr'><strong>l.</strong></span> <span class='ocrx_word' id='word_1_118' title='bbox 1411 1139 1516 1170; x_wconf 81' lang='lat' dir='ltr'><strong>Ancon</strong></span> <span class='ocrx_word' id='word_1_119' title='bbox 1527 1149 1542 1176; x_wconf 88' lang='lat'><em>;</em></span> 
     </span>
    </p>
   </div>
   <div class='ocr_carea' id='block_1_7' title="bbox 742 1246 882 1279">
    <p class='ocr_par' dir='ltr' id='par_1_7' title="bbox 742 1246 882 1279">
     <span class='ocr_line' id='line_1_17' title="bbox 742 1246 882 1279; baseline 0 0"><span class='ocrx_word' id='word_1_120' title='bbox 742 1247 774 1279; x_wconf 89' lang='lat' dir='ltr'>N</span> <span class='ocrx_word' id='word_1_121' title='bbox 779 1246 882 1279; x_wconf 71' lang='lat' dir='ltr'><strong>0¹1*AE</strong></span> 
     </span>
    </p>
   </div>
   <div class='ocr_carea' id='block_1_8' title="bbox 85 1316 1542 1364">
    <p class='ocr_par' dir='ltr' id='par_1_8' title="bbox 85 1316 1542 1364">
     <span class='ocr_line' id='line_1_18' title="bbox 85 1316 1542 1364; baseline 0.002 -16"><span class='ocrx_word' id='word_1_122' title='bbox 85 1316 353 1360; x_wconf 82' lang='lat' dir='ltr'><strong>Heracleopolis‚</strong></span> <span class='ocrx_word' id='word_1_123' title='bbox 376 1319 629 1353; x_wconf 79' lang='lat' dir='ltr'><strong>Herculaneum</strong></span> <span class='ocrx_word' id='word_1_124' title='bbox 645 1322 785 1364; x_wconf 87' lang='lat' dir='ltr'><strong>insuper</strong></span> <span class='ocrx_word' id='word_1_125' title='bbox 837 1323 999 1355; x_wconf 85' lang='lat' dir='ltr'><strong>Vulturni</strong></span> <span class='ocrx_word' id='word_1_126' title='bbox 1021 1323 1143 1356; x_wconf 82' lang='lat' dir='ltr'><strong>excisae</strong></span> <span class='ocrx_word' id='word_1_127' title='bbox 1170 1322 1261 1356; x_wconf 91' lang='lat' dir='ltr'><strong>urbis</strong></span> <span class='ocrx_word' id='word_1_128' title='bbox 1286 1321 1409 1354; x_wconf 85' lang='lat' dir='ltr'><strong>rudera</strong></span> <span class='ocrx_word' id='word_1_129' title='bbox 1423 1319 1542 1352; x_wconf 83' lang='lat' dir='ltr'><strong>devol-</strong></span> 
     </span>
    </p>
   </div>
   <div class='ocr_carea' id='block_1_9' title="bbox 81 1367 787 2824">
    <p class='ocr_par' dir='ltr' id='par_1_9' title="bbox 82 1367 786 1504">
     <span class='ocr_line' id='line_1_19' title="bbox 82 1367 785 1410; baseline 0.01 -12"><span class='ocrx_word' id='word_1_130' title='bbox 82 1367 138 1399; x_wconf 89' lang='lat' dir='ltr'><strong>hic</strong></span> <span class='ocrx_word' id='word_1_131' title='bbox 164 1371 307 1400; x_wconf 83' lang='lat' dir='ltr'><strong>vocatur</strong></span> <span class='ocrx_word' id='word_1_132' title='bbox 328 1370 438 1410; x_wconf 76' lang='lat' dir='ltr'><strong>vicus,</strong></span> <span class='ocrx_word' id='word_1_133' title='bbox 454 1371 613 1403; x_wconf 86' lang='lat' dir='ltr'><strong>Cluverio</strong></span> <span class='ocrx_word' id='word_1_134' title='bbox 635 1374 665 1404; x_wconf 87' lang='lat' dir='ltr'><strong>la</strong></span> <span class='ocrx_word' id='word_1_135' title='bbox 690 1373 785 1405; x_wconf 80' lang='lat' dir='ltr'><strong>Torre</strong></span> 
     </span>
     <span class='ocr_line' id='line_1_20' title="bbox 84 1417 786 1464; baseline 0.009 -15"><span class='ocrx_word' id='word_1_136' title='bbox 84 1417 134 1449; x_wconf 76' lang='lat' dir='ltr'><strong>del</strong></span> <span class='ocrx_word' id='word_1_137' title='bbox 149 1417 269 1451; x_wconf 76' lang='lat' dir='ltr'><strong>Greco:</strong></span> <span class='ocrx_word' id='word_1_138' title='bbox 292 1424 412 1462; x_wconf 81' lang='lat' dir='ltr'><strong>estque</strong></span> <span class='ocrx_word' id='word_1_139' title='bbox 430 1422 525 1462; x_wconf 86' lang='lat' dir='ltr'><strong>regni</strong></span> <span class='ocrx_word' id='word_1_140' title='bbox 553 1423 786 1464; x_wconf 83' lang='lat' dir='ltr'><strong>Neapolitani,</strong></span> 
     </span>
     <span class='ocr_line' id='line_1_21' title="bbox 86 1468 580 1504; baseline 0.008 -4"><span class='ocrx_word' id='word_1_141' title='bbox 86 1468 129 1500; x_wconf 83' lang='lat' dir='ltr'><strong>ad</strong></span> <span class='ocrx_word' id='word_1_142' title='bbox 145 1470 278 1503; x_wconf 76' lang='lat' dir='ltr'><strong>radices</strong></span> <span class='ocrx_word' id='word_1_143' title='bbox 292 1473 416 1504; x_wconf 86' lang='lat' dir='ltr'><strong>montis</strong></span> <span class='ocrx_word' id='word_1_144' title='bbox 429 1473 580 1504; x_wconf 84' lang='lat' dir='ltr'><strong>Vesuvii.</strong></span> 
     </span>
    </p>

    <p class='ocr_par' dir='ltr' id='par_1_10' title="bbox 85 1519 786 1659">
     <span class='ocr_line' id='line_1_22' title="bbox 127 1519 786 1565; baseline 0.009 -14"><span class='ocrx_word' id='word_1_145' title='bbox 127 1519 269 1562; x_wconf 70' lang='lat' dir='ltr'><strong>Stabiu]</strong></span> <span class='ocrx_word' id='word_1_146' title='bbox 290 1522 466 1562; x_wconf 83' lang='lat' dir='ltr'><strong>Oppidum</strong></span> <span class='ocrx_word' id='word_1_147' title='bbox 485 1525 678 1565; x_wconf 63' lang='lat' dir='ltr'><strong>Fampaniae</strong></span> <span class='ocrx_word' id='word_1_148' title='bbox 696 1526 786 1557; x_wconf 87' lang='lat' dir='ltr'><strong>hello</strong></span> 
     </span>
     <span class='ocr_line' id='line_1_23' title="bbox 87 1570 786 1613; baseline 0.011 -13"><span class='ocrx_word' id='word_1_149' title='bbox 87 1570 202 1602; x_wconf 73' lang='lat' dir='ltr'><strong>sociali</strong></span> <span class='ocrx_word' id='word_1_150' title='bbox 224 1581 244 1602; x_wconf 87' lang='lat' dir='ltr'><strong>a</strong></span> <span class='ocrx_word' id='word_1_151' title='bbox 268 1573 361 1613; x_wconf 82' lang='lat' dir='ltr'><strong>Sylla</strong></span> <span class='ocrx_word' id='word_1_152' title='bbox 377 1574 540 1613; x_wconf 74' lang='lat' dir='ltr'><strong>deletum,</strong></span> <span class='ocrx_word' id='word_1_153' title='bbox 561 1575 641 1607; x_wconf 86' lang='lat' dir='ltr'><strong>dein</strong></span> <span class='ocrx_word' id='word_1_154' title='bbox 657 1581 786 1608; x_wconf 87' lang='lat' dir='ltr'><strong>restau-</strong></span> 
     </span>
     <span class='ocr_line' id='line_1_24' title="bbox 85 1623 774 1659; baseline 0.009 -7"><span class='ocrx_word' id='word_1_155' title='bbox 85 1626 212 1654; x_wconf 84' lang='lat' dir='ltr'><strong>ratum:</strong></span> <span class='ocrx_word' id='word_1_156' title='bbox 236 1623 335 1654; x_wconf 83' lang='lat' dir='ltr'><strong>hodie.</strong></span> <span class='ocrx_word' id='word_1_157' title='bbox 353 1625 489 1656; x_wconf 70' lang='lat' dir='ltr'><strong>Castella</strong></span> <span class='ocrx_word' id='word_1_158' title='bbox 503 1636 587 1657; x_wconf 80' lang='lat' dir='ltr'><strong>mare</strong></span> <span class='ocrx_word' id='word_1_159' title='bbox 602 1627 635 1657; x_wconf 81' lang='lat' dir='ltr'><strong>di</strong></span> <span class='ocrx_word' id='word_1_160' title='bbox 651 1627 774 1659; x_wconf 80' lang='lat' dir='ltr'><strong>Stabiu.</strong></span> 
     </span>
    </p>

    <p class='ocr_par' dir='ltr' id='par_1_11' title="bbox 85 1672 787 1913">
     <span class='ocr_line' id='line_1_25' title="bbox 127 1672 787 1717; baseline 0.008 -14"><span class='ocrx_word' id='word_1_161' title='bbox 127 1674 191 1703; x_wconf 78' lang='lat'><strong>712</strong></span> <span class='ocrx_word' id='word_1_162' title='bbox 213 1672 448 1716; x_wconf 70' lang='lat' dir='ltr'><strong>Parthenopen]</strong></span> <span class='ocrx_word' id='word_1_163' title='bbox 470 1676 649 1717; x_wconf 78' lang='lat' dir='ltr'><strong>Neapolim</strong></span> <span class='ocrx_word' id='word_1_164' title='bbox 666 1677 750 1708; x_wconf 84' lang='lat' dir='ltr'><strong>dicit</strong></span> <span class='ocrx_word' id='word_1_165' title='bbox 767 1688 787 1708; x_wconf 85' lang='lat' dir='ltr'><strong>a</strong></span> 
     </span>
     <span class='ocr_line' id='line_1_26' title="bbox 85 1720 786 1767; baseline 0.009 -15"><span class='ocrx_word' id='word_1_166' title='bbox 85 1720 305 1764; x_wconf 78' lang='lat' dir='ltr'><strong>Parthenope</strong></span> <span class='ocrx_word' id='word_1_167' title='bbox 323 1734 388 1755; x_wconf 87' lang='lat' dir='ltr'><strong>una</strong></span> <span class='ocrx_word' id='word_1_168' title='bbox 404 1726 596 1757; x_wconf 74' lang='lat' dir='ltr'><strong>sirenarum</strong></span> <span class='ocrx_word' id='word_1_169' title='bbox 614 1727 658 1757; x_wconf 90' lang='lat' dir='ltr'><strong>ibi</strong></span> <span class='ocrx_word' id='word_1_170' title='bbox 675 1728 786 1767; x_wconf 77' lang='lat' dir='ltr'><strong>sepul·</strong></span> 
     </span>
     <span class='ocr_line' id='line_1_27' title="bbox 86 1774 785 1817; baseline 0.009 -15"><span class='ocrx_word' id='word_1_171' title='bbox 86 1776 121 1802; x_wconf 85' lang='lat' dir='ltr'><strong>ta</strong></span> <span class='ocrx_word' id='word_1_172' title='bbox 151 1774 442 1813; x_wconf 75' lang='lat' dir='ltr'><strong>cognominatam3</strong></span> <span class='ocrx_word' id='word_1_173' title='bbox 479 1786 543 1817; x_wconf 87' lang='lat' dir='ltr'><strong>quo</strong></span> <span class='ocrx_word' id='word_1_174' title='bbox 572 1786 608 1808; x_wconf 80' lang='lat' dir='ltr'><strong>se</strong></span> <span class='ocrx_word' id='word_1_175' title='bbox 642 1777 785 1808; x_wconf 85' lang='lat' dir='ltr'><strong>Romani</strong></span> 
     </span>
     <span class='ocr_line' id='line_1_28' title="bbox 85 1822 785 1865; baseline 0.007 -12"><span class='ocrx_word' id='word_1_176' title='bbox 85 1822 239 1863; x_wconf 83' lang='lat' dir='ltr'><strong>otiaturi,</strong></span> <span class='ocrx_word' id='word_1_177' title='bbox 265 1830 409 1865; x_wconf 87' lang='lat' dir='ltr'><strong>propter</strong></span> <span class='ocrx_word' id='word_1_178' title='bbox 435 1827 584 1858; x_wconf 90' lang='lat' dir='ltr'><strong>locorum</strong></span> <span class='ocrx_word' id='word_1_179' title='bbox 610 1828 785 1858; x_wconf 82' lang='lat' dir='ltr'><strong>amoenita·</strong></span> 
     </span>
     <span class='ocr_line' id='line_1_29' title="bbox 87 1875 514 1913; baseline 0.007 -8"><span class='ocrx_word' id='word_1_180' title='bbox 87 1879 167 1913; x_wconf 83' lang='lat' dir='ltr'><strong>tem,</strong></span> <span class='ocrx_word' id='word_1_181' title='bbox 182 1875 338 1907; x_wconf 85' lang='lat' dir='ltr'><strong>conferre</strong></span> <span class='ocrx_word' id='word_1_182' title='bbox 351 1877 514 1909; x_wconf 79' lang='lat' dir='ltr'><strong>solebant.</strong></span> 
     </span>
    </p>

    <p class='ocr_par' dir='ltr' id='par_1_12' title="bbox 82 1925 784 2108">
     <span class='ocr_line' id='line_1_30' title="bbox 128 1925 784 1968; baseline 0.008 -14"><span class='ocrx_word' id='word_1_183' title='bbox 128 1925 278 1965; x_wconf 73' lang='lat' dir='ltr'><strong>cumaeae]</strong></span> <span class='ocrx_word' id='word_1_184' title='bbox 302 1927 423 1958; x_wconf 85' lang='lat' dir='ltr'><strong>Cumas</strong></span> <span class='ocrx_word' id='word_1_185' title='bbox 450 1927 645 1968; x_wconf 70' lang='lat' dir='ltr'><strong>Campaniae</strong></span> <span class='ocrx_word' id='word_1_186' title='bbox 668 1928 784 1959; x_wconf 86' lang='lat' dir='ltr'><strong>urbem</strong></span> 
     </span>
     <span class='ocr_line' id='line_1_31' title="bbox 83 1973 783 2018; baseline 0.004 -13"><span class='ocrx_word' id='word_1_187' title='bbox 83 1982 103 2005; x_wconf 79' lang='lat' dir='ltr'><strong>a</strong></span> <span class='ocrx_word' id='word_1_188' title='bbox 116 1973 247 2016; x_wconf 79' lang='lat' dir='ltr'><strong>Sibylla</strong></span> <span class='ocrx_word' id='word_1_189' title='bbox 263 1975 476 2007; x_wconf 80' lang='lat' dir='ltr'><strong>nobilitatam</strong></span> <span class='ocrx_word' id='word_1_190' title='bbox 503 1987 604 2018; x_wconf 87' lang='lat' dir='ltr'><strong>supra</strong></span> <span class='ocrx_word' id='word_1_191' title='bbox 630 1978 783 2008; x_wconf 80' lang='lat' dir='ltr'><strong>vidimus.</strong></span> 
     </span>
     <span class='ocr_line' id='line_1_32' title="bbox 82 2023 784 2070; baseline 0.007 -15"><span class='ocrx_word' id='word_1_192' title='bbox 82 2023 247 2056; x_wconf 75' lang='lat' dir='ltr'><strong>Funditus</strong></span> <span class='ocrx_word' id='word_1_193' title='bbox 258 2024 323 2061; x_wconf 78' lang='lat' dir='ltr'><strong>fuit</strong></span> <span class='ocrx_word' id='word_1_194' title='bbox 339 2028 465 2067; x_wconf 81' lang='lat' dir='ltr'><strong>excisa,</strong></span> <span class='ocrx_word' id='word_1_195' title='bbox 477 2028 669 2070; x_wconf 81' lang='lat' dir='ltr'><strong>diciturque</strong></span> <span class='ocrx_word' id='word_1_196' title='bbox 686 2029 784 2060; x_wconf 85' lang='lat' dir='ltr'><strong>hodie</strong></span> 
     </span>
     <span class='ocr_line' id='line_1_33' title="bbox 86 2073 357 2108; baseline 0.011 -3"><span class='ocrx_word' id='word_1_197' title='bbox 86 2073 184 2106; x_wconf 69' lang='lat' dir='ltr'><strong>Cuma</strong></span> <span class='ocrx_word' id='word_1_198' title='bbox 197 2076 357 2108; x_wconf 65' lang='lat' dir='ltr'><strong>dimutto.</strong></span> 
     </span>
    </p>

    <p class='ocr_par' dir='ltr' id='par_1_13' title="bbox 83 2127 784 2312">
     <span class='ocr_line' id='line_1_34' title="bbox 125 2127 784 2168; baseline 0.006 -12"><span class='ocrx_word' id='word_1_199' title='bbox 125 2127 187 2156; x_wconf 74' lang='grc'><strong>718</strong></span> <span class='ocrx_word' id='word_1_200' title='bbox 222 2127 339 2168; x_wconf 78' lang='lat' dir='ltr'><strong>Calidi]</strong></span> <span class='ocrx_word' id='word_1_201' title='bbox 367 2128 464 2159; x_wconf 81' lang='lat' dir='ltr'><strong>Baias</strong></span> <span class='ocrx_word' id='word_1_202' title='bbox 491 2128 614 2168; x_wconf 88' lang='lat' dir='ltr'><strong>innuit,</strong></span> <span class='ocrx_word' id='word_1_203' title='bbox 635 2128 784 2160; x_wconf 77' lang='lat' dir='ltr'><strong>fontibus</strong></span> 
     </span>
     <span class='ocr_line' id='line_1_35' title="bbox 84 2174 784 2209; baseline 0.003 -2"><span class='ocrx_word' id='word_1_204' title='bbox 84 2174 202 2207; x_wconf 79' lang='lat' dir='ltr'><strong>calidis</strong></span> <span class='ocrx_word' id='word_1_205' title='bbox 216 2186 361 2208; x_wconf 78' lang='lat' dir='ltr'><strong>maxime</strong></span> <span class='ocrx_word' id='word_1_206' title='bbox 386 2178 551 2209; x_wconf 72' lang='lat' dir='ltr'><strong>celebres.</strong></span> <span class='ocrx_word' id='word_1_207' title='bbox 599 2178 711 2209; x_wconf 81' lang='lat' dir='ltr'><strong>Hudie</strong></span> <span class='ocrx_word' id='word_1_208' title='bbox 738 2179 784 2209; x_wconf 83' lang='lat' dir='ltr'><strong>ibi</strong></span> 
     </span>
     <span class='ocr_line' id='line_1_36' title="bbox 83 2225 783 2269; baseline 0.004 -13"><span class='ocrx_word' id='word_1_209' title='bbox 83 2225 238 2267; x_wconf 70' lang='lat' dir='ltr'><strong>exiguum</strong></span> <span class='ocrx_word' id='word_1_210' title='bbox 277 2233 424 2260; x_wconf 81' lang='lat' dir='ltr'><strong>castrum</strong></span> <span class='ocrx_word' id='word_1_211' title='bbox 458 2234 590 2260; x_wconf 82' lang='lat' dir='ltr'><strong>tantum</strong></span> <span class='ocrx_word' id='word_1_212' title='bbox 628 2234 783 2269; x_wconf 85' lang='lat' dir='ltr'><strong>superest</strong></span> 
     </span>
     <span class='ocr_line' id='line_1_37' title="bbox 84 2278 569 2312; baseline 0.006 -3"><span class='ocrx_word' id='word_1_213' title='bbox 84 2278 218 2310; x_wconf 79' lang='lat' dir='ltr'><strong>nomine</strong></span> <span class='ocrx_word' id='word_1_214' title='bbox 235 2279 318 2311; x_wconf 83' lang='lat' dir='ltr'><strong>Baia</strong></span> <span class='ocrx_word' id='word_1_215' title='bbox 333 2289 411 2312; x_wconf 86' lang='lat' dir='ltr'><strong>cnm</strong></span> <span class='ocrx_word' id='word_1_216' title='bbox 430 2280 569 2312; x_wconf 75' lang='lat' dir='ltr'><strong>balneis.</strong></span> 
     </span>
    </p>

    <p class='ocr_par' dir='ltr' id='par_1_14' title="bbox 84 2327 784 2470">
     <span class='ocr_line' id='line_1_38' title="bbox 125 2327 784 2372; baseline 0.003 -12"><span class='ocrx_word' id='word_1_217' title='bbox 125 2327 378 2372; x_wconf 63' lang='lat' dir='ltr'><strong>Leniat-iseram]</strong></span> <span class='ocrx_word' id='word_1_218' title='bbox 417 2332 594 2362; x_wconf 80' lang='lat' dir='ltr'><strong>Lentiscus</strong></span> <span class='ocrx_word' id='word_1_219' title='bbox 611 2331 710 2362; x_wconf 84' lang='lat' dir='ltr'><strong>arbor</strong></span> <span class='ocrx_word' id='word_1_220' title='bbox 731 2336 784 2362; x_wconf 77' lang='lat' dir='ltr'><strong>est</strong></span> 
     </span>
     <span class='ocr_line' id='line_1_39' title="bbox 84 2378 784 2423; baseline 0.004 -13"><span class='ocrx_word' id='word_1_221' title='bbox 84 2378 118 2410; x_wconf 84' lang='lat' dir='ltr'><strong>in</strong></span> <span class='ocrx_word' id='word_1_222' title='bbox 133 2379 217 2412; x_wconf 85' lang='lat' dir='ltr'><strong>Chio</strong></span> <span class='ocrx_word' id='word_1_223' title='bbox 234 2382 406 2422; x_wconf 62' lang='lat' dir='ltr'><strong>praecipue</strong></span> <span class='ocrx_word' id='word_1_224' title='bbox 431 2392 584 2423; x_wconf 79' lang='lat' dir='ltr'><strong>nascens,</strong></span> <span class='ocrx_word' id='word_1_225' title='bbox 599 2383 784 2414; x_wconf 83' lang='lat' dir='ltr'><strong>mastichen</strong></span> 
     </span>
     <span class='ocr_line' id='line_1_40' title="bbox 85 2429 592 2470; baseline 0.002 -7"><span class='ocrx_word' id='word_1_226' title='bbox 85 2429 233 2463; x_wconf 70' lang='lat' dir='ltr'><strong>exudans</strong></span> <span class='ocrx_word' id='word_1_227' title='bbox 252 2432 284 2462; x_wconf 92' lang='lat' dir='ltr'><strong>in</strong></span> <span class='ocrx_word' id='word_1_228' title='bbox 303 2432 436 2463; x_wconf 87' lang='lat' dir='ltr'><strong>modum</strong></span> <span class='ocrx_word' id='word_1_229' title='bbox 455 2434 592 2470; x_wconf 65' lang='lat' dir='ltr'><strong>gummi.</strong></span> 
     </span>
    </p>

    <p class='ocr_par' dir='ltr' id='par_1_15' title="bbox 81 2481 785 2668">
     <span class='ocr_line' id='line_1_41' title="bbox 124 2481 785 2523; baseline 0.003 -12"><span class='ocrx_word' id='word_1_230' title='bbox 124 2481 187 2512; x_wconf 75' lang='lat'><strong>⁷1⁴</strong></span> <span class='ocrx_word' id='word_1_231' title='bbox 211 2481 388 2522; x_wconf 79' lang='lat' dir='ltr'><strong>Liternum]</strong></span> <span class='ocrx_word' id='word_1_232' title='bbox 426 2482 620 2523; x_wconf 75' lang='lat' dir='ltr'><strong>Campania:</strong></span> <span class='ocrx_word' id='word_1_233' title='bbox 639 2482 705 2513; x_wconf 83' lang='lat' dir='ltr'><strong>fuit</strong></span> <span class='ocrx_word' id='word_1_234' title='bbox 728 2493 785 2523; x_wconf 86' lang='lat' dir='ltr'><strong>op·</strong></span> 
     </span>
     <span class='ocr_line' id='line_1_42' title="bbox 85 2529 785 2574; baseline 0.001 -12"><span class='ocrx_word' id='word_1_235' title='bbox 85 2529 212 2571; x_wconf 74' lang='lat' dir='ltr'><strong>pidum,</strong></span> <span class='ocrx_word' id='word_1_236' title='bbox 234 2533 401 2572; x_wconf 73' lang='lat' dir='ltr'><strong>Scipionis</strong></span> <span class='ocrx_word' id='word_1_237' title='bbox 426 2534 562 2574; x_wconf 69' lang='lat' dir='ltr'><strong>majoris</strong></span> <span class='ocrx_word' id='word_1_238' title='bbox 587 2543 723 2564; x_wconf 81' lang='lat' dir='ltr'><strong>secessu</strong></span> <span class='ocrx_word' id='word_1_239' title='bbox 751 2539 785 2563; x_wconf 73' lang='lat' dir='ltr'><strong>vt</strong></span> 
     </span>
     <span class='ocr_line' id='line_1_43' title="bbox 85 2582 784 2624; baseline 0.001 -11"><span class='ocrx_word' id='word_1_240' title='bbox 85 2582 242 2621; x_wconf 61' lang='lat' dir='ltr'><strong>”pulcro</strong></span> <span class='ocrx_word' id='word_1_241' title='bbox 258 2583 379 2621; x_wconf 65' lang='lat' dir='ltr'><strong>nobile,</strong></span> <span class='ocrx_word' id='word_1_242' title='bbox 395 2584 485 2624; x_wconf 80' lang='lat' dir='ltr'><strong>quod</strong></span> <span class='ocrx_word' id='word_1_243' title='bbox 504 2584 603 2615; x_wconf 77' lang='lat' dir='ltr'><strong>hodie</strong></span> <span class='ocrx_word' id='word_1_244' title='bbox 624 2586 657 2615; x_wconf 91' lang='lat' dir='ltr'><strong>in</strong></span> <span class='ocrx_word' id='word_1_245' title='bbox 681 2585 784 2615; x_wconf 87' lang='lat' dir='ltr'><strong>ruinis</strong></span> 
     </span>
     <span class='ocr_line' id='line_1_44' title="bbox 81 2635 185 2668; baseline 0.01 -8"><span class='ocrx_word' id='word_1_246' title='bbox 81 2635 185 2668; x_wconf 79' lang='lat' dir='ltr'><strong>Jaeet.</strong></span> 
     </span>
    </p>

    <p class='ocr_par' dir='ltr' id='par_1_16' title="bbox 89 2680 784 2824">
     <span class='ocr_line' id='line_1_45' title="bbox 129 2680 784 2725; baseline 0.009 -16"><span class='ocrx_word' id='word_1_247' title='bbox 129 2681 190 2710; x_wconf 70' lang='grc'><strong>716</strong></span> <span class='ocrx_word' id='word_1_248' title='bbox 220 2680 400 2723; x_wconf 63' lang='lat' dir='ltr'><strong>Vulturnus}</strong></span> <span class='ocrx_word' id='word_1_249' title='bbox 427 2685 562 2715; x_wconf 78' lang='lat' dir='ltr'><strong>Fluvius</strong></span> <span class='ocrx_word' id='word_1_250' title='bbox 575 2685 784 2725; x_wconf 65' lang='lat' dir='ltr'><strong>Campaniae,</strong></span> 
     </span>
     <span class='ocr_line' id='line_1_46' title="bbox 89 2727 784 2773; baseline 0.013 -17"><span class='ocrx_word' id='word_1_251' title='bbox 89 2727 146 2768; x_wconf 82' lang='lat' dir='ltr'><strong>qui</strong></span> <span class='ocrx_word' id='word_1_252' title='bbox 162 2737 204 2758; x_wconf 78' lang='lat' dir='ltr'><strong>ex</strong></span> <span class='ocrx_word' id='word_1_253' title='bbox 223 2727 400 2769; x_wconf 69' lang='lat' dir='ltr'><strong>Apennino</strong></span> <span class='ocrx_word' id='word_1_254' title='bbox 429 2734 582 2773; x_wconf 78' lang='lat' dir='ltr'><strong>Capuam</strong></span> <span class='ocrx_word' id='word_1_255' title='bbox 608 2735 784 2773; x_wconf 80' lang='lat' dir='ltr'><strong>praeterlu-</strong></span> 
     </span>
     <span class='ocr_line' id='line_1_47' title="bbox 90 2777 784 2824; baseline 0.009 -15"><span class='ocrx_word' id='word_1_256' title='bbox 90 2777 194 2817; x_wconf 82' lang='lat' dir='ltr'><strong>bitur,</strong></span> <span class='ocrx_word' id='word_1_257' title='bbox 224 2783 324 2821; x_wconf 76' lang='lat' dir='ltr'><strong>siquo</strong></span> <span class='ocrx_word' id='word_1_258' title='bbox 349 2781 382 2812; x_wconf 87' lang='lat' dir='ltr'><strong>iu</strong></span> <span class='ocrx_word' id='word_1_259' title='bbox 408 2791 500 2814; x_wconf 75' lang='lat' dir='ltr'><strong>marc</strong></span> <span class='ocrx_word' id='word_1_260' title='bbox 515 2783 725 2824; x_wconf 80' lang='lat' dir='ltr'><strong>Tyrrhenum</strong></span> <span class='ocrx_word' id='word_1_261' title='bbox 741 2784 784 2815; x_wconf 82' lang='lat' dir='ltr'><strong>ad</strong></span> 
     </span>
    </p>
   </div>
   <div class='ocr_carea' id='block_1_10' title="bbox 837 1373 1545 2818">
    <p class='ocr_par' dir='ltr' id='par_1_17' title="bbox 838 1373 942 1406">
     <span class='ocr_line' id='line_1_48' title="bbox 838 1373 942 1406; baseline 0 -1"><span class='ocrx_word' id='word_1_262' title='bbox 838 1373 942 1406; x_wconf 86' lang='lat' dir='ltr'><strong>vitur.</strong></span> 
     </span>
    </p>

    <p class='ocr_par' dir='ltr' id='par_1_18' title="bbox 841 1422 1540 1517">
     <span class='ocr_line' id='line_1_49' title="bbox 883 1422 1540 1466; baseline -0.003 -11"><span class='ocrx_word' id='word_1_263' title='bbox 883 1424 1045 1466; x_wconf 76' lang='lat' dir='ltr'><strong>Sinuessa]</strong></span> <span class='ocrx_word' id='word_1_264' title='bbox 1078 1425 1164 1458; x_wconf 82' lang='lat' dir='ltr'><strong>Haec</strong></span> <span class='ocrx_word' id='word_1_265' title='bbox 1187 1424 1288 1457; x_wconf 74' lang='lat' dir='ltr'><strong>etiam</strong></span> <span class='ocrx_word' id='word_1_266' title='bbox 1308 1422 1374 1454; x_wconf 83' lang='lat' dir='ltr'><strong>fuit</strong></span> <span class='ocrx_word' id='word_1_267' title='bbox 1398 1422 1540 1463; x_wconf 80' lang='lat' dir='ltr'><strong>Campa-</strong></span> 
     </span>
     <span class='ocr_line' id='line_1_50' title="bbox 841 1472 1530 1517; baseline -0.006 -11"><span class='ocrx_word' id='word_1_268' title='bbox 841 1475 906 1507; x_wconf 82' lang='lat' dir='ltr'><strong>niae</strong></span> <span class='ocrx_word' id='word_1_269' title='bbox 935 1485 1011 1517; x_wconf 76' lang='lat' dir='ltr'><strong>quae</strong></span> <span class='ocrx_word' id='word_1_270' title='bbox 1028 1475 1127 1507; x_wconf 88' lang='lat' dir='ltr'><strong>hodie</strong></span> <span class='ocrx_word' id='word_1_271' title='bbox 1143 1485 1281 1516; x_wconf 83' lang='lat' dir='ltr'><strong>prorsus</strong></span> <span class='ocrx_word' id='word_1_272' title='bbox 1295 1472 1530 1513; x_wconf 85' lang='lat' dir='ltr'><strong>excisajacet.</strong></span> 
     </span>
    </p>

    <p class='ocr_par' dir='ltr' id='par_1_19' title="bbox 839 1498 1543 1767">
     <span class='ocr_line' id='line_1_51' title="bbox 885 1498 1542 1566; baseline -0.009 -9"><span class='ocrx_word' id='word_1_273' title='bbox 885 1498 1056 1566; x_wconf 51' lang='lat' dir='ltr'><strong>delumbis]</strong></span> <span class='ocrx_word' id='word_1_274' title='bbox 1101 1526 1300 1563; x_wconf 82' lang='lat' dir='ltr'><strong>Verissime,</strong></span> <span class='ocrx_word' id='word_1_275' title='bbox 1326 1524 1360 1554; x_wconf 90' lang='lat' dir='ltr'><strong>ni</strong></span> <span class='ocrx_word' id='word_1_276' title='bbox 1389 1521 1542 1564; x_wconf 82' lang='lat' dir='ltr'><strong>graviter</strong></span> 
     </span>
     <span class='ocr_line' id='line_1_52' title="bbox 839 1569 1541 1615; baseline -0.01 -8"><span class='ocrx_word' id='word_1_277' title='bbox 839 1575 952 1614; x_wconf 83' lang='lat' dir='ltr'><strong>fallor,</strong></span> <span class='ocrx_word' id='word_1_278' title='bbox 964 1576 1109 1607; x_wconf 82' lang='lat' dir='ltr'><strong>columbis</strong></span> <span class='ocrx_word' id='word_1_279' title='bbox 1125 1585 1187 1615; x_wconf 90' lang='lat' dir='ltr'><strong>pro</strong></span> <span class='ocrx_word' id='word_1_280' title='bbox 1201 1573 1332 1605; x_wconf 80' lang='lat' dir='ltr'><strong>colubris</strong></span> <span class='ocrx_word' id='word_1_281' title='bbox 1349 1571 1466 1611; x_wconf 82' lang='lat' dir='ltr'><strong>reponi</strong></span> <span class='ocrx_word' id='word_1_282' title='bbox 1481 1569 1541 1601; x_wconf 82' lang='lat' dir='ltr'><strong>de-</strong></span> 
     </span>
     <span class='ocr_line' id='line_1_53' title="bbox 840 1620 1543 1657; baseline -0.01 0"><span class='ocrx_word' id='word_1_283' title='bbox 840 1626 920 1657; x_wconf 80' lang='lat' dir='ltr'><strong>here</strong></span> <span class='ocrx_word' id='word_1_284' title='bbox 947 1626 1076 1657; x_wconf 84' lang='lat' dir='ltr'><strong>censuit</strong></span> <span class='ocrx_word' id='word_1_285' title='bbox 1097 1625 1211 1656; x_wconf 85' lang='lat' dir='ltr'><strong>claris.</strong></span> <span class='ocrx_word' id='word_1_286' title='bbox 1235 1621 1407 1654; x_wconf 78' lang='lat' dir='ltr'><strong>Heinsius.</strong></span> <span class='ocrx_word' id='word_1_287' title='bbox 1454 1620 1543 1651; x_wconf 77' lang='lat' dir='ltr'><strong>Mihi</strong></span> 
     </span>
     <span class='ocr_line' id='line_1_54' title="bbox 841 1670 1542 1718; baseline -0.009 -11"><span class='ocrx_word' id='word_1_288' title='bbox 841 1676 975 1718; x_wconf 86' lang='lat' dir='ltr'><strong>quidem</strong></span> <span class='ocrx_word' id='word_1_289' title='bbox 991 1676 1079 1707; x_wconf 83' lang='lat' dir='ltr'><strong>sicut</strong></span> <span class='ocrx_word' id='word_1_290' title='bbox 1095 1680 1130 1707; x_wconf 85' lang='lat' dir='ltr'><strong>et</strong></span> <span class='ocrx_word' id='word_1_291' title='bbox 1149 1675 1196 1706; x_wconf 92' lang='lat' dir='ltr'><strong>illi</strong></span> <span class='ocrx_word' id='word_1_292' title='bbox 1213 1673 1345 1706; x_wconf 88' lang='lat' dir='ltr'><strong>colubri</strong></span> <span class='ocrx_word' id='word_1_293' title='bbox 1360 1672 1434 1703; x_wconf 84' lang='lat' dir='ltr'><strong>hice</strong></span> <span class='ocrx_word' id='word_1_294' title='bbox 1449 1670 1542 1703; x_wconf 77' lang='lat' dir='ltr'><strong>nivei</strong></span> 
     </span>
     <span class='ocr_line' id='line_1_55' title="bbox 841 1731 1045 1767; baseline 0.005 -10"><span class='ocrx_word' id='word_1_295' title='bbox 841 1731 919 1758; x_wconf 86' lang='lat' dir='ltr'><strong>sunt</strong></span> <span class='ocrx_word' id='word_1_296' title='bbox 935 1736 1045 1767; x_wconf 83' lang='lat' dir='ltr'><strong>nugae.</strong></span> 
     </span>
    </p>

    <p class='ocr_par' dir='ltr' id='par_1_20' title="bbox 839 1771 1545 2014">
     <span class='ocr_line' id='line_1_56' title="bbox 882 1771 1545 1816; baseline -0.008 -8"><span class='ocrx_word' id='word_1_297' title='bbox 882 1779 946 1808; x_wconf 82' lang='lat'><strong>⁷16</strong></span> <span class='ocrx_word' id='word_1_298' title='bbox 984 1776 1175 1816; x_wconf 72' lang='lat' dir='ltr'><strong>Mintur-nce]</strong></span> <span class='ocrx_word' id='word_1_299' title='bbox 1213 1775 1302 1807; x_wconf 76' lang='lat' dir='ltr'><strong>Urbs</strong></span> <span class='ocrx_word' id='word_1_300' title='bbox 1333 1772 1398 1804; x_wconf 77' lang='lat' dir='ltr'><strong>fuit</strong></span> <span class='ocrx_word' id='word_1_301' title='bbox 1437 1771 1545 1812; x_wconf 80' lang='lat' dir='ltr'><strong>Latii,</strong></span> 
     </span>
     <span class='ocr_line' id='line_1_57' title="bbox 840 1822 1543 1866; baseline -0.007 -9"><span class='ocrx_word' id='word_1_302' title='bbox 840 1836 914 1866; x_wconf 79' lang='lat' dir='ltr'><strong>quae</strong></span> <span class='ocrx_word' id='word_1_303' title='bbox 943 1825 1041 1857; x_wconf 83' lang='lat' dir='ltr'><strong>hodie</strong></span> <span class='ocrx_word' id='word_1_304' title='bbox 1068 1827 1160 1857; x_wconf 84' lang='lat' dir='ltr'><strong>nulla</strong></span> <span class='ocrx_word' id='word_1_305' title='bbox 1189 1830 1253 1865; x_wconf 86' lang='lat' dir='ltr'><strong>est,</strong></span> <span class='ocrx_word' id='word_1_306' title='bbox 1283 1825 1316 1855; x_wconf 90' lang='lat' dir='ltr'><strong>in</strong></span> <span class='ocrx_word' id='word_1_307' title='bbox 1343 1822 1543 1863; x_wconf 78' lang='lat' dir='ltr'><strong>Campaniae</strong></span> 
     </span>
     <span class='ocr_line' id='line_1_58' title="bbox 839 1872 1543 1916; baseline -0.007 -9"><span class='ocrx_word' id='word_1_308' title='bbox 839 1876 998 1914; x_wconf 85' lang='lat' dir='ltr'><strong>confinio,</strong></span> <span class='ocrx_word' id='word_1_309' title='bbox 1025 1876 1205 1916; x_wconf 75' lang='lat' dir='ltr'><strong>paludibus</strong></span> <span class='ocrx_word' id='word_1_310' title='bbox 1231 1875 1393 1915; x_wconf 78' lang='lat' dir='ltr'><strong>adjacens</strong></span> <span class='ocrx_word' id='word_1_311' title='bbox 1415 1873 1447 1903; x_wconf 90' lang='lat' dir='ltr'><strong>in</strong></span> <span class='ocrx_word' id='word_1_312' title='bbox 1469 1872 1543 1913; x_wconf 88' lang='lat' dir='ltr'><strong>qui·</strong></span> 
     </span>
     <span class='ocr_line' id='line_1_59' title="bbox 840 1922 1542 1966; baseline -0.006 -10"><span class='ocrx_word' id='word_1_313' title='bbox 840 1926 901 1957; x_wconf 86' lang='lat' dir='ltr'><strong>hus</strong></span> <span class='ocrx_word' id='word_1_314' title='bbox 929 1926 1057 1966; x_wconf 72' lang='lat' dir='ltr'><strong>septies</strong></span> <span class='ocrx_word' id='word_1_315' title='bbox 1080 1925 1207 1956; x_wconf 88' lang='lat' dir='ltr'><strong>Consul</strong></span> <span class='ocrx_word' id='word_1_316' title='bbox 1235 1923 1366 1955; x_wconf 81' lang='lat' dir='ltr'><strong>Marius</strong></span> <span class='ocrx_word' id='word_1_317' title='bbox 1392 1922 1542 1953; x_wconf 86' lang='lat' dir='ltr'><strong>delituit.</strong></span> 
     </span>
     <span class='ocr_line' id='line_1_60' title="bbox 841 1971 1543 2014; baseline -0.004 -8"><span class='ocrx_word' id='word_1_318' title='bbox 841 1975 891 2006; x_wconf 85' lang='lat' dir='ltr'><strong>Ex</strong></span> <span class='ocrx_word' id='word_1_319' title='bbox 903 1975 968 2006; x_wconf 78' lang='lat' dir='ltr'><strong>illis</strong></span> <span class='ocrx_word' id='word_1_320' title='bbox 981 1981 1095 2006; x_wconf 86' lang='lat' dir='ltr'><strong>autem</strong></span> <span class='ocrx_word' id='word_1_321' title='bbox 1109 1974 1167 2006; x_wconf 71' lang='lat' dir='ltr'><strong>aer</strong></span> <span class='ocrx_word' id='word_1_322' title='bbox 1177 1974 1287 2014; x_wconf 83' lang='lat' dir='ltr'><strong>gravis</strong></span> <span class='ocrx_word' id='word_1_323' title='bbox 1300 1978 1400 2013; x_wconf 77' lang='lat' dir='ltr'><strong>atque</strong></span> <span class='ocrx_word' id='word_1_324' title='bbox 1411 1971 1543 2003; x_wconf 81' lang='lat' dir='ltr'><strong>noxius.</strong></span> 
     </span>
    </p>

    <p class='ocr_par' dir='ltr' id='par_1_21' title="bbox 837 2020 1543 2359">
     <span class='ocr_line' id='line_1_61' title="bbox 885 2020 1542 2066; baseline -0.011 -8"><span class='ocrx_word' id='word_1_325' title='bbox 885 2025 1002 2066; x_wconf 85' lang='lat' dir='ltr'><strong>Quum]</strong></span> <span class='ocrx_word' id='word_1_326' title='bbox 1024 2026 1177 2057; x_wconf 78' lang='lat' dir='ltr'><strong>Caietam</strong></span> <span class='ocrx_word' id='word_1_327' title='bbox 1191 2023 1286 2061; x_wconf 81' lang='lat' dir='ltr'><strong>dicit,</strong></span> <span class='ocrx_word' id='word_1_328' title='bbox 1302 2022 1414 2053; x_wconf 79' lang='lat' dir='ltr'><strong>AEneae</strong></span> <span class='ocrx_word' id='word_1_329' title='bbox 1436 2020 1542 2052; x_wconf 87' lang='lat' dir='ltr'><strong>nutri-</strong></span> 
     </span>
     <span class='ocr_line' id='line_1_62' title="bbox 840 2070 1542 2118; baseline -0.009 -11"><span class='ocrx_word' id='word_1_330' title='bbox 840 2086 927 2115; x_wconf 79' lang='lat' dir='ltr'><strong>cem,</strong></span> <span class='ocrx_word' id='word_1_331' title='bbox 943 2087 962 2107; x_wconf 83' lang='lat' dir='ltr'><strong>a</strong></span> <span class='ocrx_word' id='word_1_332' title='bbox 978 2085 1046 2118; x_wconf 85' lang='lat' dir='ltr'><strong>qua</strong></span> <span class='ocrx_word' id='word_1_333' title='bbox 1061 2076 1214 2107; x_wconf 74' lang='lat' dir='ltr'><strong>Caietam</strong></span> <span class='ocrx_word' id='word_1_334' title='bbox 1244 2073 1358 2104; x_wconf 76' lang='lat' dir='ltr'><strong>urben·</strong></span> <span class='ocrx_word' id='word_1_335' title='bbox 1380 2071 1467 2102; x_wconf 82' lang='lat' dir='ltr'><strong>Latii</strong></span> <span class='ocrx_word' id='word_1_336' title='bbox 1483 2070 1542 2102; x_wconf 89' lang='lat' dir='ltr'><strong>de-</strong></span> 
     </span>
     <span class='ocr_line' id='line_1_63' title="bbox 837 2125 1543 2164; baseline -0.006 -8"><span class='ocrx_word' id='word_1_337' title='bbox 837 2126 1043 2156; x_wconf 78' lang='lat' dir='ltr'><strong>nominatam</strong></span> <span class='ocrx_word' id='word_1_338' title='bbox 1059 2125 1185 2156; x_wconf 79' lang='lat' dir='ltr'><strong>volant.</strong></span> <span class='ocrx_word' id='word_1_339' title='bbox 1224 2125 1425 2164; x_wconf 78' lang='lat' dir='ltr'><strong>Quanquam</strong></span> <span class='ocrx_word' id='word_1_340' title='bbox 1442 2131 1484 2152; x_wconf 85' lang='lat' dir='ltr'><strong>ex</strong></span> <span class='ocrx_word' id='word_1_341' title='bbox 1501 2130 1543 2152; x_wconf 87' lang='lat' dir='ltr'><strong>eo</strong></span> 
     </span>
     <span class='ocr_line' id='line_1_64' title="bbox 838 2174 1543 2218; baseline -0.006 -10"><span class='ocrx_word' id='word_1_342' title='bbox 838 2177 973 2218; x_wconf 86' lang='lat' dir='ltr'><strong>quidam</strong></span> <span class='ocrx_word' id='word_1_343' title='bbox 1000 2176 1126 2208; x_wconf 83' lang='lat' dir='ltr'><strong>dictam</strong></span> <span class='ocrx_word' id='word_1_344' title='bbox 1153 2181 1272 2216; x_wconf 73' lang='lat' dir='ltr'><strong>putant</strong></span> <span class='ocrx_word' id='word_1_345' title='bbox 1301 2186 1320 2205; x_wconf 85' lang='lat' dir='ltr'><strong>a</strong></span> <span class='ocrx_word' id='word_1_346' title='bbox 1338 2174 1543 2214; x_wconf 83' lang='lat' dir='ltr'><strong>Laconibus,</strong></span> 
     </span>
     <span class='ocr_line' id='line_1_65' title="bbox 838 2225 1542 2268; baseline 0 -10"><span class='ocrx_word' id='word_1_347' title='bbox 838 2227 928 2268; x_wconf 90' lang='lat' dir='ltr'><strong>quod</strong></span> <span class='ocrx_word' id='word_1_348' title='bbox 953 2227 985 2258; x_wconf 88' lang='lat' dir='ltr'><strong>in</strong></span> <span class='ocrx_word' id='word_1_349' title='bbox 1013 2227 1132 2258; x_wconf 88' lang='lat' dir='ltr'><strong>littore</strong></span> <span class='ocrx_word' id='word_1_350' title='bbox 1157 2235 1261 2257; x_wconf 89' lang='lat' dir='ltr'><strong>curvo</strong></span> <span class='ocrx_word' id='word_1_351' title='bbox 1277 2226 1322 2255; x_wconf 83' lang='lat' dir='ltr'><strong>sit</strong></span> <span class='ocrx_word' id='word_1_352' title='bbox 1339 2225 1468 2265; x_wconf 85' lang='lat' dir='ltr'><strong>posita:</strong></span> <span class='ocrx_word' id='word_1_353' title='bbox 1492 2225 1542 2258; x_wconf 86' lang='lat' dir='ltr'><strong>illi</strong></span> 
     </span>
     <span class='ocr_line' id='line_1_66' title="bbox 840 2276 1541 2320; baseline -0.001 -12"><span class='ocrx_word' id='word_1_354' title='bbox 840 2287 983 2320; x_wconf 85' lang='lat' dir='ltr'><strong>namque</strong></span> <span class='ocrx_word' id='word_1_355' title='bbox 1010 2287 1114 2309; x_wconf 83' lang='lat' dir='ltr'><strong>curva</strong></span> <span class='ocrx_word' id='word_1_356' title='bbox 1139 2278 1251 2308; x_wconf 79' lang='lat' dir='ltr'><strong>omnia</strong></span> <span class='ocrx_word' id='word_1_357' title='bbox 1279 2276 1416 2308; x_wconf 72' lang='lat' dir='ltr'><strong>Caieta·</strong></span> <span class='ocrx_word' id='word_1_358' title='bbox 1442 2285 1541 2309; x_wconf 81' lang='lat' dir='ltr'><strong>voca-</strong></span> 
     </span>
     <span class='ocr_line' id='line_1_67' title="bbox 839 2327 933 2359; baseline 0 -1"><span class='ocrx_word' id='word_1_359' title='bbox 839 2327 933 2359; x_wconf 85' lang='lat' dir='ltr'><strong>bant.</strong></span> 
     </span>
    </p>

    <p class='ocr_par' dir='ltr' id='par_1_22' title="bbox 884 2378 1205 2419">
     <span class='ocr_line' id='line_1_68' title="bbox 884 2378 1205 2419; baseline -0.006 -10"><span class='ocrx_word' id='word_1_360' title='bbox 884 2378 1049 2419; x_wconf 78' lang='lat' dir='ltr'><strong>Alumnus]</strong></span> <span class='ocrx_word' id='word_1_361' title='bbox 1071 2378 1205 2409; x_wconf 72' lang='lat' dir='ltr'><strong>ffineau.</strong></span> 
     </span>
    </p>

    <p class='ocr_par' dir='ltr' id='par_1_23' title="bbox 839 2428 1542 2570">
     <span class='ocr_line' id='line_1_69' title="bbox 882 2428 1542 2470; baseline -0.002 -10"><span class='ocrx_word' id='word_1_362' title='bbox 882 2432 942 2461; x_wconf 86' lang='grc'><strong>717</strong></span> <span class='ocrx_word' id='word_1_363' title='bbox 959 2428 1156 2470; x_wconf 70' lang='lat' dir='ltr'><strong>Antiphaten]</strong></span> <span class='ocrx_word' id='word_1_364' title='bbox 1181 2428 1330 2459; x_wconf 80' lang='lat' dir='ltr'><strong>Formias</strong></span> <span class='ocrx_word' id='word_1_365' title='bbox 1347 2428 1444 2467; x_wconf 88' lang='lat' dir='ltr'><strong>dicit,</strong></span> <span class='ocrx_word' id='word_1_366' title='bbox 1459 2438 1542 2469; x_wconf 83' lang='lat' dir='ltr'><strong>quas</strong></span> 
     </span>
     <span class='ocr_line' id='line_1_70' title="bbox 841 2479 1540 2519; baseline -0.001 -9"><span class='ocrx_word' id='word_1_367' title='bbox 841 2480 987 2510; x_wconf 72' lang='lat' dir='ltr'><strong>teuuinse.</strong></span> <span class='ocrx_word' id='word_1_368' title='bbox 1029 2479 1240 2519; x_wconf 77' lang='lat' dir='ltr'><strong>Antiphaten</strong></span> <span class='ocrx_word' id='word_1_369' title='bbox 1283 2479 1540 2519; x_wconf 72' lang='lat' dir='ltr'><strong>Laestrygonum</strong></span> 
     </span>
     <span class='ocr_line' id='line_1_71' title="bbox 839 2527 1496 2570; baseline -0.005 -10"><span class='ocrx_word' id='word_1_370' title='bbox 839 2530 1013 2560; x_wconf 82' lang='lat' dir='ltr'><strong>crudelem</strong></span> <span class='ocrx_word' id='word_1_371' title='bbox 1029 2535 1208 2570; x_wconf 70' lang='lat' dir='ltr'><strong>tyranuum</strong></span> <span class='ocrx_word' id='word_1_372' title='bbox 1225 2537 1326 2567; x_wconf 77' lang='lat' dir='ltr'><strong>supra</strong></span> <span class='ocrx_word' id='word_1_373' title='bbox 1343 2527 1496 2558; x_wconf 83' lang='lat' dir='ltr'><strong>vidimus.</strong></span> 
     </span>
    </p>

    <p class='ocr_par' dir='ltr' id='par_1_24' title="bbox 837 2577 1539 2818">
     <span class='ocr_line' id='line_1_72' title="bbox 883 2577 1539 2620; baseline -0.006 -10"><span class='ocrx_word' id='word_1_374' title='bbox 883 2579 1034 2620; x_wconf 69' lang='lat' dir='ltr'><strong>Trai-lias]</strong></span> <span class='ocrx_word' id='word_1_375' title='bbox 1055 2579 1246 2610; x_wconf 77' lang='lat' dir='ltr'><strong>Tarracina</strong></span> <span class='ocrx_word' id='word_1_376' title='bbox 1267 2588 1324 2608; x_wconf 59' lang='lat' dir='ltr'><strong>⁸seu</strong></span> <span class='ocrx_word' id='word_1_377' title='bbox 1346 2577 1539 2615; x_wconf 66' lang='lat' dir='ltr'><strong>&#39;Penni-iun,</strong></span> 
     </span>
     <span class='ocr_line' id='line_1_73' title="bbox 838 2628 1539 2671; baseline -0.004 -12"><span class='ocrx_word' id='word_1_378' title='bbox 838 2640 912 2671; x_wconf 77' lang='lat' dir='ltr'><strong>quae</strong></span> <span class='ocrx_word' id='word_1_379' title='bbox 937 2636 969 2660; x_wconf 85' lang='lat' dir='ltr'><strong>et</strong></span> <span class='ocrx_word' id='word_1_380' title='bbox 1002 2630 1118 2660; x_wconf 63' lang='lat' dir='ltr'><strong>Anxur</strong></span> <span class='ocrx_word' id='word_1_381' title='bbox 1145 2629 1237 2669; x_wconf 66' lang='lat' dir='ltr'><strong>priua</strong></span> <span class='ocrx_word' id='word_1_382' title='bbox 1261 2628 1364 2661; x_wconf 80' lang='lat' dir='ltr'><strong>dicta.</strong></span> <span class='ocrx_word' id='word_1_383' title='bbox 1389 2633 1539 2665; x_wconf 78' lang='lat' dir='ltr'><strong>itemque</strong></span> 
     </span>
     <span class='ocr_line' id='line_1_74' title="bbox 837 2675 1538 2718; baseline -0.007 -7"><span class='ocrx_word' id='word_1_384' title='bbox 837 2681 1016 2718; x_wconf 43' lang='lat' dir='ltr'><strong>&#39;l&#39;rnthinan</strong></span> <span class='ocrx_word' id='word_1_385' title='bbox 1032 2682 1091 2710; x_wconf 83' lang='lat' dir='ltr'><strong>lioc</strong></span> <span class='ocrx_word' id='word_1_386' title='bbox 1119 2685 1181 2715; x_wconf 79' lang='lat' dir='ltr'><strong>est,</strong></span> <span class='ocrx_word' id='word_1_387' title='bbox 1205 2687 1335 2716; x_wconf 77' lang='lat' dir='ltr'><strong>aspera,</strong></span> <span class='ocrx_word' id='word_1_388' title='bbox 1355 2679 1473 2714; x_wconf 85' lang='lat' dir='ltr'><strong>utpote</strong></span> <span class='ocrx_word' id='word_1_389' title='bbox 1503 2675 1538 2706; x_wconf 86' lang='lat' dir='ltr'><strong>in</strong></span> 
     </span>
     <span class='ocr_line' id='line_1_75' title="bbox 839 2724 1538 2767; baseline -0.006 -6"><span class='ocrx_word' id='word_1_390' title='bbox 839 2731 926 2761; x_wconf 80' lang='lat' dir='ltr'><strong>colle</strong></span> <span class='ocrx_word' id='word_1_391' title='bbox 954 2730 1030 2767; x_wconf 78' lang='lat' dir='ltr'><strong>sita,</strong></span> <span class='ocrx_word' id='word_1_392' title='bbox 1058 2730 1138 2759; x_wconf 71' lang='lat' dir='ltr'><strong>urb»</strong></span> <span class='ocrx_word' id='word_1_393' title='bbox 1155 2728 1352 2757; x_wconf 81' lang='lat' dir='ltr'><strong>Volscorum</strong></span> <span class='ocrx_word' id='word_1_394' title='bbox 1379 2725 1413 2754; x_wconf 90' lang='lat' dir='ltr'><strong>iu</strong></span> <span class='ocrx_word' id='word_1_395' title='bbox 1430 2724 1538 2758; x_wconf 70' lang='lat' dir='ltr'><strong>batio-</strong></span> 
     </span>
     <span class='ocr_line' id='line_1_76' title="bbox 840 2773 1539 2818; baseline -0.006 -4"><span class='ocrx_word' id='word_1_396' title='bbox 840 2779 969 2814; x_wconf 76' lang='lat' dir='ltr'><strong>Deficit</strong></span> <span class='ocrx_word' id='word_1_397' title='bbox 995 2779 1029 2810; x_wconf 88' lang='lat' dir='ltr'><strong>iu</strong></span> <span class='ocrx_word' id='word_1_398' title='bbox 1051 2779 1123 2810; x_wconf 80' lang='lat' dir='ltr'><strong>dies</strong></span> <span class='ocrx_word' id='word_1_399' title='bbox 1147 2780 1287 2818; x_wconf 81' lang='lat' dir='ltr'><strong>propter</strong></span> <span class='ocrx_word' id='word_1_400' title='bbox 1310 2773 1539 2817; x_wconf 76' lang='lat' dir='ltr'><strong>adJ‘aceuuum</strong></span> 
     </span>
    </p>
   </div>
  </div>
 </body>
</html>
