1773 3121
222 224 335 266 1750
705 234 745 264 P.
777 232 934 264 ovmn
969 231 1179 264 NAsours

223 329 318 371 Bos
335 332 446 379 aret,
465 330 540 370 aut
556 329 739 370 mortem
759 325 1006 369 senioribus
1026 328 1211 383 imputet
1231 325 1382 368 annis:
1583 324 1668 365 470

222 395 500 437 Horriferum
519 397 669 436 contra
689 394 864 435 Borean
881 396 976 436 ovis
997 407 1115 435 arma
1135 394 1368 435 ministret:
1483 386 1486 387 ⁷

222 462 373 503 Ubera
393 462 494 502 dent
513 465 670 502 saturae
689 461 892 501 manibus
912 460 1149 515 pressanda
1170 459 1370 512 capellae.

223 528 358 570 Retia
379 542 478 569 cum
499 528 683 582 pedicis,
704 529 992 582 laqueosque,
1013 532 1211 580 artesque
1233 525 1413 566 dolosas

220 595 409 637 Tollite:
440 609 518 637 nec
539 596 760 637 volucrem
781 598 952 636 viscata
972 595 1107 636 fallite
1128 595 1275 647 virga:

222 661 322 704 Nec
343 662 584 703 formidatis
606 675 762 703 cervos
782 662 987 703 includite
1007 661 1180 715 pinnis:
1583 659 1671 700 475

223 728 324 769 Nec
345 729 486 770 celate
506 730 616 770 cibis
635 741 772 769 uncos
792 728 1028 770 fallacibus
1048 729 1216 769 hamos.

223 795 412 846 Perdite,
435 796 564 849 siqua
584 800 768 836 nocent:
798 808 946 835 verum
964 795 1060 835 haec
1080 806 1256 848 quoque
1275 791 1444 848 perdite
1462 795 1642 834 tantum.

222 860 313 903 Ora
333 865 487 903 vacent
507 862 663 915 epulis,
683 861 970 915 alimentaque
990 873 1181 913 congrua
1201 867 1398 914 carpant.

297 1107 417 1149 ΕΑΒ.
441 1106 622 1149 XLIV.
682 1107 842 1160 Egeria
861 1106 906 1148 in
925 1107 1084 1149 vallem
1104 1106 1333 1149 Aricinam
1352 1118 1401 1148 se
1421 1104 1599 1148 confert.

255 1216 401 1247 Eanum
414 1219 649 1256 postmortem
664 1215 779 1247 mariti
794 1216 917 1248 Numae
933 1215 967 1246 in
983 1215 1103 1246 vallem
1119 1215 1292 1247 Aricinam
1307 1224 1343 1247 se
1353 1214 1500 1246 contulit
1512 1214 1643 1254 lugens.

217 1301 462 1359 *TAmnus
484 1323 618 1372 atque
639 1319 738 1359 aliis
760 1318 971 1360 instructo
993 1321 1168 1371 pectore
1191 1317 1321 1359 dictis

223 1383 279 1424 In
298 1385 483 1438 patriam
503 1396 718 1425 remeasse
737 1384 892 1435 ferunt,
913 1385 1117 1438 ultroque
1137 1385 1322 1438 petitum
1585 1378 1672 1422 480

222 1449 466 1505 Accepisse
489 1450 683 1492 Numam
702 1451 857 1505 populi
879 1452 1062 1494 Latialis
1083 1451 1295 1493 habenas.

215 1564 368 1603 jugulare
382 1564 504 1595 koedum
528 1565 686 1596 tollentem
712 1565 838 1605 vagitus
860 1575 953 1607 pares
973 1565 1154 1607 puerilibus,
1174 1565 1222 1596 vel
1248 1565 1351 1595 vivere
1365 1562 1471 1594 atibus
1484 1561 1593 1603 quibus
1607 1561 1673 1602 ipse

220 1606 354 1647 praebuit
378 1615 474 1637 escam
490 1606 506 1637 l
535 1607 653 1637 Taurus
673 1611 775 1638 vertat
793 1611 921 1646 terram,
937 1612 990 1639 aut
1003 1608 1137 1639 ascribat
1159 1611 1288 1638 mortem
1302 1605 1390 1636 aetati
1411 1609 1585 1645 provectoe:
1606 1606 1673 1635 ovis

219 1648 358 1689 praebeat
373 1658 461 1679 arma
486 1649 630 1680 adversus
648 1659 744 1680 saevos
767 1651 955 1689 Aquilones:
980 1661 1082 1689 caprae
1100 1651 1199 1690 plenae
1224 1648 1388 1679 exhibeant
1415 1648 1508 1678 ubera
1529 1647 1673 1678 siccanda

223 1691 372 1722 manibus.
415 1690 551 1728 Abficite
570 1692 681 1730 plagas
695 1701 763 1722 cum
786 1692 917 1731 pedicis,
939 1697 969 1723 et
985 1694 1117 1733 laqueos,
1132 1696 1162 1723 et
1176 1695 1260 1721 artes
1273 1690 1436 1721 insidiosas
1448 1700 1458 1720 .-
1480 1699 1577 1729 neque
1591 1689 1672 1719 deci-

223 1734 289 1772 pite
306 1743 393 1764 avem
416 1734 531 1764 calamo
553 1734 634 1764 visco
660 1734 761 1764 illito.-
784 1744 878 1774 neque
894 1734 1002 1773 fallite
1028 1743 1130 1766 cervos
1152 1734 1263 1773 pennis
1278 1732 1483 1770 formidatis.-
1503 1741 1558 1762 nec
1574 1730 1673 1769 tegite

223 1784 332 1805 curvos
346 1776 450 1806 hamos
464 1775 541 1806 escis
553 1775 674 1807 dolosis.
718 1775 886 1816 Perimz‘te,
900 1776 928 1807 si
943 1787 1009 1817 quae
1022 1777 1176 1819 afficiunt.-
1198 1785 1303 1806 verum
1315 1774 1461 1815 perimite
1471 1775 1593 1805 tantum
1607 1773 1674 1803 haec

224 1827 351 1857 quoque.
398 1818 465 1849 Ora
480 1818 656 1849 abstineant
672 1818 814 1858 dapibus,
830 1822 860 1849 et
875 1823 997 1850 sumant
1011 1820 1092 1850 cibos
1105 1819 1238 1849 idoneos.

268 1867 366 1891 xmv.
393 1859 492 1899 Vulgo
507 1861 595 1891 aiunt
614 1861 747 1890 Numam
760 1860 888 1890 rediisse
901 1861 936 1891 i'n
957 1861 1093 1900 patriam
1109 1861 1212 1890 animo
1235 1860 1355 1890 exculto
1375 1857 1488 1889 talibus
1501 1860 1592 1897 atque
1601 1856 1675 1887 aliie

223 1901 337 1938 αἱαὶ-ς,-
360 1905 451 1942 atque
474 1904 581 1942 sponte
603 1901 784 1932 arcessitum
805 1903 971 1942 suscepisse
992 1902 1290 1933 administrationem
1311 1901 1487 1940 reipublice:
1502 1900 1675 1936 Romana;

830 1979 848 1990 ο
853 1980 985 1992 “oet-90
989 1981 1005 1992 o
1009 1980 1065 1993 100

224 2034 433 2063 artum—4⁷0
456 2032 553 2063 Idem
569 2036 601 2063 et
614 2041 676 2072 pro
698 2034 871 2063 aua-4⁷1
896 2033 939 2065 Ο.
956 2037 992 2064 et
1014 2043 1065 2074 pr.
1080 2034 1170 2066 Mor.
1186 2033 1499 2075 Homficum.-—472
1521 2030 1673 2064 Berolin.

224 2084 307 2105 mun.
322 2075 478 2114 pensanda
501 2077 677 2113 (ηιμ-474
706 2075 864 2106 Volucrem
889 2076 1020 2116 recepit
1047 2076 1166 2108 Heius.
1192 2086 1234 2107 ex
1261 2076 1431 2116 plerisque
1455 2074 1590 2114 scriptis
1610 2083 1673 2114 pro

224 2117 316 2156 vulg.
338 2117 589 2147 volucres—475
612 2116 758 2146 Plurimi
774 2116 881 2148 Codd.
908 2118 976 2148 Nec
992 2117 1201 2156 formidantes
1209 2128 1221 2155 ,·
1243 2117 1332 2158 quod
1362 2117 1478 2148 Heius.
1501 2116 1593 2157 conj.
1609 2125 1672 2157 pro

218 2157 438 2196 formidandas.
484 2158 568 2188 Mox
594 2158 690 2188 multi
704 2162 787 2190 vett.
815 2169 894 2190 cerv.
921 2160 1044 2191 illudite
1055 2171 1087 2201 p.
1104 2166 1139 2191 et
1156 2170 1207 2200 pr.
1223 2159 1266 2191 A.
1288 2159 1412 2190 eludite.
1437 2159 1553 2190 Heius.
1569 2159 1673 2190 etiam

225 2199 493 2241 reposuitpinnis
511 2209 571 2240 pro
588 2201 678 2241 vulg.
699 2201 929 2240 pennis.—478
952 2202 1047 2235 Vett.
1063 2203 1136 2234 libri
1154 2203 1227 2234 fere
1251 2211 1367 2233 omnes
1391 2201 1567 2242 alimentaq.
1580 2200 1675 2233 mitia

876 2297 1015 2330 NOTAE

263 2371 329 2401 470
351 2369 417 2400 Bos
428 2368 510 2410 aret]
534 2369 611 2402 Hoc
627 2373 690 2411 est,
704 2370 759 2402 Ad
773 2371 922 2403 laborem
975 2372 1185 2411 intertextis,
1201 2371 1300 2411 ferm,
1314 2370 1387 2401 visu
1408 2374 1466 2401 aut
1485 2368 1589 2400 odore
1604 2372 1674 2400 ter-

224 2427 347 2459 oogere
362 2419 481 2450 bovem
498 2420 656 2460 equidem
677 2422 803 2453 liceat:
833 2427 922 2454 cete·
975 2424 1057 2454 ritas
1073 2423 1104 2453 in
1122 2423 1238 2463 plagas
1254 2422 1430 2461 impellere
1454 2419 1544 2451 soliti
1566 2422 1674 2451 erant.

223 2477 297 2499 rum
313 2468 404 2499 nullo
421 2468 486 2500 alio
502 2470 590 2500 malo
607 2476 794 2510 prematur.
975 2472 1074 2505 Quod
1091 2472 1265 2511 pinnatum
1282 2470 1543 2501 instrumentum
1559 2467 1674 2501 formi-

265 2521 326 2550 4⁷1
350 2518 462 2559 Arma]
473 2520 599 2550 Lanam
611 2521 740 2553 scilicet
752 2527 787 2554 et
797 2527 922 2555 vestes.
974 2521 1085 2552 dinem
1102 2521 1306 2551 vocitabant.

263 2569 327 2599 475
363 2568 491 2609 Pennis]
530 2569 600 2600 Pro
629 2571 762 2611 sagittis
794 2572 920 2612 positas
1016 2573 1079 2601 478
1107 2569 1238 2609 Vacem]
1271 2569 1322 2599 Ne
1352 2568 1395 2599 ab
1421 2567 1485 2598 inis
1522 2566 1565 2598 ad
1589 2565 1672 2597 alias

223 2617 361 2658 scripsit
375 2618 652 2658 Commentator;
678 2629 793 2651 verum
819 2620 922 2652 falsus
975 2620 1085 2651 caedes
1104 2624 1284 2660 grassetur.

223 2671 287 2697 est.
332 2666 466 2697 Pennas
497 2667 585 2707 ipsas
612 2668 775 2709 intelligit
801 2669 922 2710 Poeta,
1019 2669 1178 2708 Congrua]
1203 2669 1286 2700 Quae
1299 2668 1372 2698 sine
1390 2667 1498 2706 caede,
1512 2665 1618 2706 mitia,
1633 2670 1673 2698 ut

223 2716 345 2756 quibus
371 2717 568 2757 plerumque
591 2718 745 2758 puniceis
768 2723 828 2750 aut
847 2728 920 2750 ver·
975 2719 1126 2750 homines
1139 2719 1250 2757 decet,
1262 2717 1450 2758 comparari
1467 2720 1606 2758 queunt.

222 2766 435 2807 sicoloribus,
452 2767 606 2799 ustulatis
632 2768 747 2810 etiam,
770 2767 921 2801 funiculo
1017 2771 1079 2800 481
1104 2767 1266 2809 Habenas]
1285 2769 1294 2785 ‘
1308 2768 1408 2800 Illum
1423 2766 1567 2800 Curibus
1577 2766 1672 2798 Sabi-
