1773 3121
209 179 323 220 2146
697 190 739 220 P.
771 189 928 220 oviun
963 188 1177 220 NAsoms

208 282 324 325 Ante
346 283 501 325 domus
523 281 662 324 Manli
682 283 847 325 fuerant
865 284 974 339 Qui
996 284 1176 325 Gallica
1197 281 1420 337 quondam
1575 281 1661 325 185

265 350 306 391 A
328 350 575 404 Capitolino
592 351 749 403 repulit
765 342 883 392 arma
903 351 1037 392 Jove.

209 416 356 468 Quam
377 420 487 459 bene
515 417 598 472 (Di
620 416 784 471 magni)
813 432 961 471 pugna
981 417 1219 458 cecidisset
1239 418 1283 457 in
1301 416 1378 456 illa

272 485 492 526 Defensor
511 485 625 534 solii,
646 485 820 538 Jupiter
840 486 942 535 alte,
964 485 1051 526 tui!

208 552 352 602 Vixit,
374 556 421 593 ut
436 552 656 593 occideret
676 553 907 593 damnatus
924 551 1101 593 crimine
1119 550 1248 603 regni.

268 619 400 659 Hunc
423 619 486 659 illi
508 619 678 659 titulum
699 619 833 672 longa
854 623 1031 666 senecta
1052 618 1198 658 dabat.

210 685 309 726 Lux
330 685 484 726 eadem
506 686 640 726 Marti
658 685 773 726 festa
794 690 1043 738 est;(quen1
1064 683 1283 736 prospicit
1301 687 1427 723 extra

265 751 532 805 Appositum
552 752 703 792 Tectae
725 756 852 803 porta
874 743 1057 802 Capena
1073 752 1174 791 viae.

207 817 271 858 Te
293 829 481 870 quoque,
503 816 779 868 Tempestas,
800 816 1002 856 meritam
1024 816 1206 857 delubra
1224 816 1433 867 fatemur;

267 883 380 924 Cum
399 895 528 936 paene
549 885 618 922 est
640 881 792 922 Corsis
813 882 968 922 obruta
990 881 1148 921 classis
1171 882 1316 933 aquis.

1577 615 1662 657 190

209 1017 304 1048 Prius
311 1016 442 1055 fuerant
457 1018 562 1048 domus
578 1016 705 1054 Manlii,
717 1017 768 1057 qui
780 1017 852 1048 olim
867 1017 981 1057 repulit
997 1027 1084 1047 arma
1102 1016 1225 1047 Gallica
1240 1026 1258 1047 α
1274 1018 1351 1048 Jove
1370 1015 1554 1056 Capitolino.
1603 1017 1664 1048 Dii

208 1061 330 1100 excelsi,
346 1070 435 1100 quam
442 1059 584 1097 feliciter
599 1059 784 1090 occubuisset
806 1060 839 1089 in
867 1060 918 1090 iilo
930 1059 1040 1100 proetz'o
1053 1062 1263 1100 propugnator
1277 1059 1347 1089 solii
1363 1059 1423 1097 tui,
1439 1068 1549 1098 magne
1571 1059 1665 1099 Jupi-

208 1103 284 1133 ter!
328 1102 491 1143 Superstes
505 1101 587 1140 suit,
612 1105 647 1133 ut
677 1105 845 1132 moreretur
869 1103 1031 1133 damnatus
1053 1103 1181 1132 crimine
1196 1101 1295 1140 regni.
1340 1101 1449 1140 Longa
1463 1104 1601 1132 senectus
1616 1101 1664 1132 illi

207 1144 360 1184 afferebat
375 1145 584 1175 eamlamiem.
630 1145 749 1175 Eadem
773 1144 933 1182 dies-festa
957 1148 1002 1176 est
1026 1145 1140 1183 Marti,
1166 1154 1253 1184 quem
1266 1147 1360 1184 porta
1378 1145 1503 1183 Capena
1515 1143 1664 1184 prospicit

208 1187 387 1224 adjunctum
412 1186 474 1217 viae
498 1189 617 1217 εἰν-αἰαῖ.
661 1186 865 1224 Agnoscimus
880 1187 985 1225 etiam,
1003 1188 1191 1226 Tempestas,
1208 1190 1238 1216 te
1253 1187 1381 1225 dignam
1397 1185 1498 1223 fuisse
1527 1186 1663 1226 templi-3,

208 1239 275 1260 cum
290 1229 395 1260 classis
409 1231 454 1260 est
467 1238 555 1269 poene
583 1237 725 1269 oppressa
750 1229 837 1268 aquis
855 1229 969 1258 Corsis.
1015 1229 1095 1259 Hoec
1111 1232 1307 1260 monumenta
1323 1228 1478 1259 hominum
1493 1231 1663 1269 apparent:

815 1319 1051 1331 οοοοοοοοοοοο

211 1386 344 1417 emend.
369 1386 421 1416 in:
446 1386 500 1415 alii
526 1394 575 1415 ex.
620 1385 704 1415 Mox
731 1385 788 1415 Fr.
814 1384 947 1415 Junonis
973 1385 1183 1424 templ.——185
1209 1384 1312 1415 Multi
1339 1385 1432 1415 Malli
1459 1395 1520 1424 pro
1546 1385 1662 1419 Manli.

209 1429 291 1463 Tum
302 1428 432 1466 fuerant
449 1436 492 1458 ex
509 1427 596 1458 Maz.
614 1426 746 1458 Zulich.
763 1427 819 1457 Sa.
838 1431 874 1457 et
891 1426 963 1456 aliis
979 1426 1086 1457 tribus
1101 1426 1237 1466 scriptis
1253 1426 1368 1457 Heins.
1385 1427 1480 1457 dedit
1493 1436 1555 1467 pro
1574 1428 1664 1468 vulg.

201 1471 433 1508 fuerat.—188
457 1469 589 1500 Arund.
617 1470 653 1499 J.
679 1470 779 1506 alme;
803 1472 838 1500 et
865 1469 947 1500 Jun.
974 1472 1046 1499 ante
1072 1469 1257 1500 tuis.——189
1281 1469 1369 1500 Maz.
1393 1470 1490 1500 occid.
1523 1473 1664 1501 versatus

209 1515 298 1544 crim.
315 1513 410 1543 Maii.
454 1512 496 1543 P.
514 1512 600 1542 alter
615 1513 778 1542 damnatus
791 1511 879 1542 crim.
891 1510 1096 1551 ταφὴ-192
1122 1512 1183 1542 Be.
1206 1510 1395 1549 Adjunctum
1413 1511 1495 1543 Tect.
1540 1512 1585 1542 Et
1601 1521 1664 1552 pro

212 1556 316 1586 Tectoe
332 1555 389 1586 alii
403 1559 496 1585 rectae
512 1554 566 1585 vel
580 1556 710 1585 dextroe.
755 1554 913 1593 Quidam,
936 1557 1024 1584 teste
1037 1554 1155 1584 Burm.
1182 1554 1245 1585 hoc
1258 1554 1425 1585 distichon
1452 1554 1499 1584 ita
1525 1563 1666 1594 corrup-

211 1597 341 1629 tissime
358 1597 430 1628 edit
446 1597 518 1628 Lux
533 1598 599 1628 ead.
617 1597 667 1628 M.
686 1596 764 1634 fest.
793 1599 850 1634 est,
866 1606 956 1636 quam
968 1606 1071 1637 prosp.
1086 1598 1153 1636 ipsa
1167 1596 1353 1637 Appositum
1368 1600 1461 1628 rectoe
1475 1596 1544 1636 [vel
1559 1596 1664 1637 tectoe]

205 1643 299 1680 porta
316 1640 352 1671 C.
368 1640 545 1672 vicen—193
571 1640 632 1670 Be.
657 1640 724 1670 Nos
739 1638 809 1678 tibi,
833 1640 865 1670 Τ.
881 1639 989 1669 merito
1006 1640 1037 1669 d.
1056 1638 1209 1676 fatemur.
1254 1639 1294 1670 P.
1311 1640 1398 1669 alter
1413 1640 1445 1670 d.
1461 1639 1664 1675 fatentur.—

212 1685 272 1714 194
297 1683 359 1715 Be.
381 1686 426 1714 est
449 1682 516 1713 illis
542 1682 606 1713 obr.
651 1681 727 1713 Duo
755 1681 833 1713 libri
862 1682 899 1714 C.
925 1684 1015 1713 eruta
1040 1682 1186 1713 (ἑὰ-105
1220 1680 1263 1713 P.
1290 1691 1419 1713 monum.
1444 1685 1583 1712 manent.-
1607 1681 1664 1712 alii

865 1790 1008 1823 NOTAE

210 1878 327 1911 ordine
343 1883 450 1912 sextae
466 1883 562 1918 sunt;
589 1889 663 1920 quae
677 1882 712 1911 et
735 1879 744 1897 ‘
758 1878 909 1911 fabariae’

210 1938 252 1960 ex
268 1929 422 1961 fabarum
439 1939 498 1960 esu
515 1930 628 1961 dictae.

255 1981 315 2010 183
339 1979 435 2019 Arce]
463 1979 823 2019 Capitolina‚scilicet.

255 2029 407 2068 Monetoe]
448 2029 477 2060 A
495 2030 662 2061 monendo
687 2030 771 2061 illud
788 2040 910 2061 nomen

211 2077 338 2110 Junoni
363 2079 568 2118 impositum,
590 2079 678 2119 quod
696 2089 755 2110 sne
771 2079 911 2119 gravida

212 2128 462 2168 procurandum
479 2137 551 2158 esse
566 2133 666 2159 terrae
687 2133 828 2168 motum,
844 2138 910 2169 quo

213 2177 304 2208 Urbs
339 2178 610 2215 concutiebatur,
640 2187 723 2208 voce
761 2188 804 2208 ex
838 2177 910 2217 ejus

212 2228 341 2267 templo
357 2227 483 2264 audita,
499 2227 640 2257 Romani
656 2228 774 2258 moniti
789 2227 866 2258 sint.

256 2279 317 2308 184
343 2276 485 2316 Camille]
522 2277 590 2307 Hic
618 2277 674 2306 ille
697 2283 761 2316 est,
785 2277 842 2317 qui
867 2276 910 2308 ob

211 2327 362 2367 ingentia
378 2327 496 2358 merita
514 2328 600 2358 alter
616 2327 776 2359 Romulus
799 2327 910 2358 dictus

213 2382 278 2411 est.

257 2430 317 2460 185
341 2428 459 2468 Manu]
489 2428 684 2469 Capitolini,
710 2428 782 2468 qui,
804 2428 911 2459 Canis

213 2477 292 2510 olim
309 2476 351 2507 de
370 2477 539 2517 Capitolio
556 2478 760 2516 deturbatis,
777 2478 818 2508 de
832 2487 911 2508 saxo

212 2526 357 2567 Tarpeio
391 2526 467 2557 ideo
504 2526 657 2567 dejectus
679 2527 768 2567 quod
801 2532 912 2568 tyran-

212 2576 327 2608 nidem
343 2585 508 2616 occupare
526 2577 637 2607 vellet.

257 2628 318 2657 187
330 2625 430 2666 Bene]
446 2626 521 2656 Non
534 2625 622 2656 enim
635 2630 750 2666 postea
763 2626 911 2666 turpiter

215 2676 302 2711 bene
331 2674 498 2707 factorum
526 2674 660 2706 laudem
695 2676 910 2715 maculasset,

215 2735 327 2769 neque
356 2725 400 2762 de
428 2725 560 2768 eadem,
575 2734 674 2768 quam
696 2724 910 2768 defenderat,

964 1890 1042 1912 arce
1059 1879 1216 1920 dejectus
1232 1882 1334 1910 esset.

1007 1934 1069 1962 188
1086 1929 1180 1969 Solii]
1196 1927 1612 1970 Capitolii‚templiquein
1622 1937 1663 1960 eo

963 1981 1077 2022 positi.

1007 2033 1070 2061 190
1086 2029 1240 2068 Titulum]
1254 2029 1380 2060 Notam
1392 2026 1544 2059 affectati
1555 2027 1662 2066 regni.

963 2080 1114 2112 Nimium
1132 2080 1253 2110 vixisse
1268 2079 1376 2108 ironia
1387 2077 1528 2118 quadam
1542 2078 1663 2110 innuit.

1008 2132 1069 2160 192
1095 2128 1210 2168 Tectae]
1250 2127 1341 2158 Hinc
1364 2126 1593 2158 Brundusium
1611 2137 1665 2158 us·

964 2188 1029 2220 que
1042 2178 1192 2209 silicibus
1209 2181 1326 2208 stratae
1343 2176 1406 2207 viae
1420 2175 1555 2217 Appiae.

1007 2231 1067 2260 193
1082 2228 1270 2267 Tempestas]
1282 2229 1360 2258 Dea
1368 2226 1422 2257 cui
1432 2226 1522 2257 bello
1533 2226 1663 2258 Punico

965 2278 1114 2310 secundo
1130 2278 1179 2308 Μ.
1197 2277 1409 2316 Marcellum,
1425 2275 1558 2306 Oceani
1574 2276 1663 2316 peri-

964 2329 1038 2360 culo
1064 2328 1253 2366 liberatum,
1273 2335 1349 2356 cum
1373 2325 1406 2355 in
1430 2324 1603 2356 Corsicam
1627 2329 1664 2356 et

963 2378 1154 2409 Sardiniam
1189 2376 1377 2416 navigaret,
1416 2375 1524 2405 aedem
1560 2374 1663 2407 etiam

964 2429 1096 2459 vovisse
1124 2427 1373 2467 scriptitarunt.
1426 2424 1494 2454 Sed
1531 2423 1662 2455 clariss.

966 2477 1141 2516 Heinsius,
1171 2486 1213 2507 ex
1251 2474 1359 2505 veteri
1394 2473 1520 2513 lapide,
1551 2473 1592 2504 ad
1622 2473 1662 2506 L.

964 2527 1169 2565 Scipionem,
1179 2524 1236 2565 qui
1252 2523 1424 2554 Corsicam
1441 2523 1663 2563 expugnavit,

965 2575 1177 2607 referendam
1191 2582 1266 2604 esse
1282 2582 1349 2604 non
1365 2569 1546 2604 dubitavit.

1008 2628 1068 2656 194
1094 2623 1212 2663 Corsis]
1250 2622 1303 2654 Ad
1324 2622 1494 2654 Corsicam
1517 2622 1660 2655 insulam

963 2676 998 2708 in
1012 2675 1096 2708 mari
1114 2672 1288 2717 Ligustico
1301 2672 1545 2714 spectantibus.
