1773 3121
212 220 325 262 1656

212 325 344 375 Haec,
366 326 443 367 ubi
463 325 686 366 nubilibus
707 325 894 377 primum
913 323 1118 364 maturuit
1136 322 1276 372 annis,

211 391 458 446 Praeposito
480 394 647 433 cunctis
666 392 871 432 Laurenti
892 391 1053 431 tradita
1069 391 1179 430 Pico
1201 393 1293 430 est:

210 458 333 500 Rara
353 460 526 513 quidem
547 459 676 509 facie,
698 459 775 499 sed
797 460 933 499 rarior
953 463 1043 498 arte
1063 457 1276 507 canendi;

210 525 339 566 Unde
360 526 539 568 Canens
559 527 677 568 dicta
697 530 778 567 est.
838 526 1002 579 Sylvas
1023 529 1069 565 et
1088 537 1200 565 saxa
1219 536 1407 574 movere,

207 592 265 634 Et
284 594 469 634 mulcere
486 594 617 643 feras,
637 598 678 635 et
698 594 877 634 flumina
897 593 1031 644 longa
1048 591 1207 632 morari

209 659 296 700 Ore
315 673 411 710 suo,
433 662 722 715 volucresque
742 674 878 713 vagas
899 661 1076 700 retinere
1099 658 1280 699 solebat.

210 725 326 776 Quae
346 727 447 767 dum
467 728 673 768 foeminea
694 728 945 768 modulatur
967 727 1164 766 carmina
1183 737 1311 774 voce,

209 792 391 833 Exierat
409 797 524 834 tecto
545 793 784 834 Laurentes
804 794 939 834 Picus
958 794 1003 833 in
1025 805 1166 845 agros,

208 859 445 912 Indigenas
465 860 629 901 fixurus
649 873 783 914 apros
801 875 811 902 t
844 866 1094 913 tergumque
1114 859 1337 912 premebat

206 925 338 966 Acris
359 927 475 978 equi,
496 927 697 979 laevaque
717 927 896 967 hastilia
913 928 1017 967 bina
1036 927 1216 975 ferebat,

205 991 464 1033 Poeniceam
485 993 605 1033 fulvo
625 993 897 1046 chlamydem
918 996 1166 1033 contractus
1186 992 1241 1031 ab
1265 1003 1385 1031 auro.

206 1057 397 1099 Venerat
416 1059 459 1099 in
480 1060 629 1112 sylvas
650 1062 693 1099 et
713 1059 807 1098 filia
824 1058 942 1099 Solis
961 1059 1140 1099 easdem
1159 1072 1168 1099 :

207 1124 354 1179 thue
375 1138 516 1166 novas
534 1125 697 1178 legeret
716 1125 935 1166 foecundis
956 1125 1142 1165 collibus
1163 1127 1334 1176 herbas,

207 1191 397 1232 Nomine
419 1191 539 1232 dicta
560 1204 657 1242 suo,
680 1191 853 1232 Circaea
872 1191 1107 1244 reliquerat
1127 1205 1248 1233 arva.

208 1258 323 1309 Quae
346 1260 477 1300 simul
497 1273 549 1301 ac
566 1260 792 1314 juvenem,
813 1259 1012 1313 virgultis
1034 1259 1199 1310 abdita,
1222 1260 1348 1310 vidit,

694 230 734 261 P.
766 229 924 260 OVIDII
960 227 1171 258 NASONIS

1575 654 1661 696 340

205 1389 365 1420 Palatino.
410 1390 579 1430 Postquam
605 1390 669 1421 haec
694 1400 769 1422 rara
785 1390 908 1431 quidem
918 1390 1040 1429 forma,
1055 1391 1109 1421 sed
1122 1391 1225 1421 rarior
1238 1390 1356 1431 peritia
1378 1389 1537 1427 cantandi,
1553 1398 1593 1420 ex
1603 1398 1663 1428 quo

203 1435 311 1463 vocata
325 1435 369 1462 est
388 1432 531 1471 Canens,
556 1433 693 1473 primum
713 1434 855 1473 pervenit
879 1434 918 1463 ad
942 1436 1066 1464 oetatem
1091 1433 1236 1472 nubilem,
1257 1434 1333 1464 data
1355 1436 1400 1463 est
1416 1433 1495 1463 Pico
1510 1431 1664 1463 Laurenti

203 1475 375 1514 anteposito
390 1475 537 1505 omnibus.
585 1476 791 1506 Consueverat
806 1485 898 1514 agere
911 1475 1035 1506 arbores
1049 1479 1079 1506 et
1097 1477 1227 1516 lapides,
1251 1479 1280 1506 et
1294 1475 1426 1506 delinire
1444 1476 1546 1514 ferax,
1562 1477 1592 1504 et
1606 1473 1664 1504 sis-

205 1518 270 1546 tere
298 1526 352 1546 suo
380 1521 473 1548 cantu
497 1518 602 1557 longos
617 1518 747 1558 fluvios,
773 1521 804 1549 et
829 1518 981 1558 corripere
1010 1527 1081 1549 aves
1102 1518 1246 1557 fugace-r.
1293 1518 1370 1553 Quae
1390 1519 1463 1548 dum
1486 1516 1665 1548 modulatur

203 1567 307 1588 versus
320 1568 389 1588 voce
404 1559 558 1598 muliebri,
586 1561 682 1591 Picus
705 1561 862 1600 prodierat
883 1562 970 1590 domo
985 1560 1019 1590 in
1034 1570 1155 1600 campos
1177 1561 1349 1591 Laurentes
1365 1560 1551 1598 trajecturus
1571 1566 1663 1597 apros

203 1600 389 1638 indigenas;
412 1605 504 1640 atque
524 1612 597 1641 equo
617 1602 771 1632 insidebat
783 1612 943 1641 generoso,
959 1606 990 1632 et
1008 1603 1136 1641 gerebat
1155 1604 1286 1632 sinistra
1301 1604 1359 1633 duo
1383 1601 1543 1638 venabula,
1557 1600 1663 1630 collec-

204 1644 267 1672 tam
283 1642 395 1673 babens
408 1643 595 1682 chlamydem
607 1653 793 1683 purpuream
805 1644 909 1683 fibula
934 1644 1004 1673 auri
1017 1645 1111 1683 flavi.
1154 1644 1241 1674 Filia
1257 1644 1338 1674 Solis
1359 1646 1486 1674 venerat
1511 1643 1605 1674 etiam
1628 1641 1664 1672 in

204 1685 309 1715 eadem
333 1695 481 1720 nemora,·
503 1689 594 1725 atque
621 1688 654 1715 ut
683 1688 820 1725 carperet
843 1695 932 1715 raras
949 1685 1110 1726 quasdam
1140 1686 1248 1716 herbas
1270 1686 1304 1716 in
1316 1685 1480 1723 fertilibus
1494 1684 1664 1724 montibus,

205 1727 380 1758 deseruerat
396 1736 489 1766 agros
506 1728 642 1758 Circaeos
655 1728 822 1768 appellatos
835 1737 889 1758 suo
902 1728 1035 1758 nomine.
1083 1728 1162 1763 Quae
1178 1731 1259 1760 tecta
1266 1728 1434 1766 frondibus
1446 1728 1555 1759 statim
1570 1730 1662 1767 atque

814 1821 1051 1833 eeeeeeeeeeee

205 1885 248 1906 no
276 1875 547 1907 habitum-336
569 1875 607 1906 L.
634 1877 679 1905 est
704 1876 787 1905 trad.
817 1875 967 1905 P.—337
991 1874 1092 1904 Multi
1121 1873 1234 1912 facies,
1268 1874 1327 1904 sed
1356 1874 1445 1912 facie
1474 1873 1661 1915 praeferen-

204 1918 284 1948 dum
310 1918 427 1947 Burm.
452 1917 567 1955 docet,
589 1916 667 1956 qnia
681 1925 752 1957 seq.
768 1919 846 1946 arte.
892 1916 961 1946 Pro
984 1916 1071 1946 Rara
1097 1921 1133 1946 et
1158 1917 1259 1947 rarior
1286 1917 1339 1947 Fr.
1355 1921 1392 1947 et
1407 1916 1534 1956 Sprotii
1555 1917 1660 1948 Grata

205 1965 241 1990 et
267 1960 414 1997 gratiam
451 1959 538 1989 Ball.
573 1959 668 1988 Clara
694 1963 728 1989 et
753 1959 1005 1990 darien—338
1041 1958 1106 1988 Sec
1136 1958 1213 1989 Pal.
1241 1960 1524 1999 sylvasque—339
1560 1958 1658 1990 Idem

207 2001 291 2032 Cod.
316 2010 396 2040 saepe
422 2010 483 2040 pro
511 2001 719 2039 longa.——34l
746 2000 869 2031 Heius.
895 2010 937 2030 ex
965 2000 1063 2031 Cant.
1093 2001 1207 2040 placet
1234 2001 1362 2031 molitur
1389 2011 1449 2041 pro
1470 2002 1662 2032 modulatur.

207 2043 305 2083 Conj.
338 2043 439 2073 etiam
463 2043 639 2083 flexanima
675 2053 738 2074 voc.
769 2048 808 2073 ut
846 2043 855 2059 ‘
880 2041 1063 2073 flexanima
1102 2043 1224 2073 oratio’
1267 2044 1358 2084 apud
1395 2044 1660 2074 Ciceronem.—

206 2088 269 2117 344
293 2085 395 2124 Vulg.
419 2085 491 2115 bina
503 2085 653 2124 gerebat:
676 2084 806 2116 Ciofani
827 2084 919 2123 libri,
936 2089 971 2115 et
987 2085 1124 2116 Caelest.
1142 2085 1292 2123 serebat;
1315 2096 1399 2117 unus
1411 2086 1558 2122 tenebat3
1580 2086 1659 2117 Pal.

206 2132 242 2159 et
254 2132 322 2159 tres
337 2128 393 2157 alii
407 2127 651 2166 regebat—345
676 2127 745 2158 Alii
763 2126 1019 2164 Puniceamfulv.
1044 2127 1130 2158 Dein
1144 2131 1323 2159 contractus
1341 2128 1462 2160 Heius.
1481 2128 1577 2159 dedit
1593 2137 1657 2169 pro

208 2170 296 2210 vulg.
311 2179 502 2210 comprensus
517 2179 558 2200 ex
576 2175 647 2209 opt.
664 2170 714 2201 Fl.
730 2171 899 2209 Bernegg.
915 2174 950 2200 et
975 2169 1157 2200 duodecim
1174 2171 1266 2201 aliis:
1291 2171 1399 2202 ceteri
1415 2173 1586 2210 contactus,
1602 2170 1657 2201 vel

205 2213 390 2252 concinctus,
411 2213 465 2242 vel
480 2215 647 2252 contortus,
663 2212 717 2243 vel
732 2215 897 2251 contectus,
914 2212 967 2243 vel
981 2222 1178 2252 compressus,
1194 2213 1248 2243 vel
1264 2214 1449 2253 complexus,
1466 2213 1519 2244 vel
1534 2222 1659 2252 suspen-

206 2265 275 2286 sus:
300 2255 417 2285 Heius.
441 2258 557 2285 monet
572 2254 674 2286 etiam
698 2264 851 2286 connexus
873 2263 971 2295 posse
987 2255 1171 2294 legi.—348
1195 2255 1356 2296 Plerique
1382 2261 1468 2288 vett.
1485 2260 1522 2287 et
1537 2254 1660 2297 optimi

862 2351 1004 2383 NOTAE

207 2424 318 2456 Latini
334 2424 461 2464 uxoris,
486 2428 521 2455 et
546 2428 655 2456 mater
667 2424 771 2455 Turni
788 2435 806 2455 a
830 2425 905 2456 Vir-

205 2474 307 2514 gilio;
331 2483 405 2515 quae
423 2474 590 2514 quomodo
614 2474 693 2506 Jani
719 2484 804 2505 uxor
829 2484 904 2505 esse

207 2524 359 2564 potuerit
374 2533 441 2555 non
457 2524 568 2554 video.
592 2523 657 2555 Sed
673 2534 783 2565 neque
796 2525 903 2557 Janus

207 2575 293 2604 ullus
323 2572 399 2605 fuit.
456 2574 543 2605 Sunt
573 2574 624 2605 hae
660 2574 903 2606 obscurissimae

206 2624 363 2655 veritatis
393 2625 510 2663 larvae3
549 2634 622 2665 quae
650 2625 778 2656 utinam
802 2625 902 2655 nullae

206 2683 350 2714 unquam
367 2675 571 2705 extitissent.

249 2726 312 2754 330
334 2723 500 2764 Laurenti]
533 2724 599 2756 Qui
624 2724 787 2756 Laurenti
813 2724 902 2756 Latii

206 2774 330 2815 oppido
347 2775 387 2805 ab
404 2775 478 2816 ipso
498 2774 650 2815 condito,
667 2775 903 2816 Laurentibus,

958 2436 1023 2457 non
1040 2427 1155 2466 procul
1171 2436 1190 2458 a
1205 2427 1344 2457 Lavinio
1358 2427 1561 2467 imperabat.

1001 2478 1061 2506 345
1081 2476 1283 2516 Contractus]
1305 2477 1395 2507 Illud
1413 2481 1464 2507 est
1481 2476 1569 2517 quod
1585 2476 1659 2508 Ma-

959 2535 996 2557 ro
1022 2526 1071 2556 ita
1098 2527 1277 2566 expressit,
1294 2527 1368 2558 AEn.
1384 2536 1419 2557 v.
1443 2528 1452 2544 ‘
1472 2527 1540 2557 lato
1556 2535 1660 2566 quam

958 2576 1082 2606 circum
1111 2577 1331 2616 amplectitur
1357 2585 1438 2607 auro
1453 2576 1606 2616 Balteus,
1622 2580 1657 2606 et

958 2625 1059 2656 tereti
1076 2625 1249 2656 subnectit
1265 2624 1368 2656 fibula
1384 2625 1535 2665 gemma!

999 2678 1062 2706 346
1086 2675 1184 2716 Filia]
1207 2676 1318 2714 Circe,
1332 2675 1473 2706 scilicet.

999 2728 1062 2756 349
1073 2725 1185 2765 Simul]
1202 2723 1390 2756 Maximum
1403 2729 1453 2755 est
1468 2724 1655 2764 periculum

955 2784 996 2806 ex
1012 2775 1094 2815 visu,
1106 2780 1142 2806 ut
1158 2775 1283 2813 cernis3
1307 2779 1341 2806 at
1357 2779 1451 2806 certe
1468 2771 1658 2816 imparatis,
