1773 3121
238 222 351 264 1734
722 234 764 262 P.
797 233 954 263 ovum
986 230 1198 263 NAsole

324 479 441 520 FAB.
463 477 664 519 XXIII.
723 476 854 532 Aqua
871 478 995 519 lacus
1016 478 1180 519 Phenei
1201 480 1331 518 nocte
1351 476 1432 518 fuit
1450 476 1600 518 noxia.

237 587 278 618 ΙΝ
293 586 442 618 Arcadia
456 587 642 633 secundum
658 587 796 618 Phenon
814 587 929 618 urbem
948 596 1043 628 aquae
1057 585 1225 625 feruntur,
1239 596 1314 627 quae
1332 588 1423 626 potae
1437 589 1537 617 nocte
1551 588 1688 625 nocent,

278 642 355 672 luce
372 646 484 672 autem
501 642 654 672 inuocuae
672 646 931 680 cognoscuntur.

238 726 353 783 EST
373 743 497 783 locus
519 742 722 784 Arcadiae
742 743 968 798 (Pheneon
990 743 1140 784 dixere
1160 741 1349 797 priores)

236 809 467 863 Ambiguis
487 814 720 863 suspectus
737 811 876 863 aquis.
938 809 1063 859 Quas
1085 814 1217 850 nocte
1238 811 1410 851 timeto:

236 877 379 918 Nocte
398 879 557 917 nocent
575 880 711 930 potae.
772 877 874 917 Sine
893 889 1013 917 noxa
1030 876 1126 916 luce
1146 877 1366 916 bibuntur.

275 1072 394 1114 ΕΑΒ.
427 1072 620 1114 XXIV.
682 1072 1001 1128 Symplegades
1022 1078 1175 1115 cautes
1196 1073 1242 1114 in
1261 1073 1417 1114 Petras
1435 1072 1642 1115 redactae.

234 1183 404 1213 Onnum
431 1182 539 1212 insula
563 1182 639 1213 olim
663 1181 796 1213 mobilis
820 1186 904 1213 erat.
949 1182 1194 1223 Symplegades
1219 1191 1353 1223 quoque
1376 1185 1492 1213 cautes
1514 1181 1549 1212 in
1572 1181 1686 1213 Ponto

275 1240 528 1275 concurrentes,
541 1234 679 1267 flatibus
697 1235 805 1267 solitae
823 1236 963 1274 moveri,
979 1245 1068 1267 nunc
1086 1237 1161 1267 fixae
1177 1235 1405 1267 fundamentis
1423 1239 1584 1267 tenentur
1599 1235 1686 1266 loco·

1599 1336 1685 1379 335

233 1322 325 1379 Sic
347 1339 460 1380 alias
480 1340 677 1392 aliasque
697 1339 822 1380 lacus
843 1344 887 1379 et
905 1339 1085 1380 fiumina
1107 1338 1222 1379 vires

232 1404 505 1459 Concipiunt.
566 1406 846 1460 Tempusque
866 1406 965 1455 suit,
988 1418 1074 1459 quo
1095 1406 1216 1446 navit
1234 1405 1280 1445 in
1300 1404 1444 1454 undis,

231 1472 365 1513 Nunc
387 1473 509 1515 sedet
529 1473 727 1527 Ortygie.
788 1473 954 1514 Timuit
975 1473 1271 1513 concursibus
1293 1471 1413 1524 Argo

275 1596 380 1618 xxm.
405 1589 465 1618 Est
479 1588 559 1618 locus
572 1587 715 1618 Arcadiae
731 1588 869 1627 (veteres
883 1588 1112 1627 appellaverunt
1128 1588 1297 1626 Pheneon)
1313 1598 1372 1618 non
1388 1590 1474 1617 tutus
1487 1587 1574 1628 aquis
1589 1587 1687 1619 ambi-

229 1630 318 1668 guis:
341 1640 414 1670 quas
438 1634 524 1660 nocte
539 1630 725 1667 reforrnida5
748 1630 866 1660 hausta²
880 1631 916 1660 de
931 1634 1018 1660 nocte
1032 1630 1151 1660 obsunt.
1197 1630 1311 1660 Secure
1323 1632 1472 1670 potantur
1486 1631 1523 1660 de
1537 1630 1599 1662 die.

272 1681 372 1703 xxrv.
397 1672 448 1703 Ita
472 1673 553 1702 lacus
569 1676 598 1703 et
615 1682 716 1703 amnes
739 1672 849 1702 habent
875 1672 952 1702 alias
976 1675 1068 1712 utque
1090 1672 1168 1702 alias
1192 1672 1335 1703 virtutes.
1383 1672 1512 1712 Tempus
1517 1672 1598 1712 suit,
1624 1682 1682 1713 quo

231 1716 367 1756 Ortygia
374 1715 518 1755 fluitavit
533 1715 565 1745 in
581 1716 684 1755 undis,
701 1724 781 1746 nunc
796 1717 871 1745 stat.
916 1715 1004 1752 Argo
1020 1714 1232 1752 reformidavit
1250 1714 1472 1754 Symplegadas
1485 1715 1599 1746 divisas
1613 1725 1684 1746 con-

834 1809 1069 1821 eeooaeeeoeeseo

227 1873 309 1904 nulli
333 1874 409 1905 libri
428 1874 558 1913 gurgite
583 1884 643 1914 pro
665 1876 818 1912 gutture;
842 1882 928 1902 unus
955 1873 1204 1903 carmine—331
1229 1872 1380 1904 Berolin.
1409 1873 1482 1903 Non
1507 1872 1682 1904 alia—332
1716 1903 1722 1908 ,

226 1915 326 1946 Locus
345 1916 459 1946 Heius.
476 1916 573 1946 dedit
588 1926 629 1946 ex
643 1925 692 1955 pr.
716 1915 825 1945 Gron.
843 1920 921 1945 tert.
938 1915 1032 1944 Med.
1048 1914 1168 1945 Urbin.
1182 1919 1216 1945 et
1229 1915 1300 1945 aliis
1315 1924 1377 1954 pro
1392 1915 1480 1954 vulg.
1497 1916 1591 1945 lacus.
1611 1914 1683 1946 Alii

227 1957 330 1987 etiam
346 1958 500 1988 scribunt
516 1958 694 1988 Pheneum.-
719 1957 815 1987 multi
839 1956 941 1987 etiam
966 1961 1049 1988 vett.
1067 1956 1221 1993 Phoenon,
1245 1957 1299 1986 vel
1315 1957 1565 1987 Phenon.—-—333
1588 1958 1682 1989 Tert.

226 1998 323 2029 Med.
349 1999 439 2030 Amb.
465 2003 620 2039 spectatus
644 2010 693 2039 aq.
718 1999 815 2029 Leid.
845 2002 1013 2038 susceptus.
1059 1999 1141 2029 Mox
1166 1999 1244 2029 Bas.
1273 2008 1323 2038 pr.
1347 2001 1428 2029 noct.
1453 1999 1681 2030 timete—334

226 2040 302 2072 Sec.
330 2042 372 2073 V.
403 2041 663 2073 bibentum—336
686 2040 785 2071 Leid.
811 2044 846 2072 et
874 2041 940 2072 duo
973 2041 1029 2072 alii
1049 2041 1233 2081 Accipiunt:
1263 2043 1464 2081 temp.——339
1485 2041 1600 2082 ‘rhysii
1625 2051 1681 2074 un-

877 2138 1022 2170 NOTAE

226 2218 312 2240 none
329 2214 387 2240 aut
403 2210 535 2241 Venere
552 2210 702 2251 vesania,
715 2220 788 2242 sese
807 2221 924 2243 vaccas
979 2223 1168 2254 quanquam
1186 2212 1227 2243 de
1250 2212 1335 2244 lucis
1359 2215 1462 2253 atque
1485 2211 1597 2243 noctis
1614 2211 1679 2243 dis-

226 2270 300 2291 csse
317 2261 548 2292 crediderunt.
977 2263 1118 2294 crimine
1131 2263 1213 2293 nihil
1228 2262 1393 2293 meminit.

268 2314 331 2342 329
353 2312 548 2353 Lyncestius]
575 2313 751 2353 Lyncestis
778 2323 865 2354 aqua
888 2314 923 2344 in

224 2362 430 2394 Macedonia
447 2363 516 2393 vini
538 2363 638 2394 modo
654 2365 859 2396 temulentos
874 2364 922 2395 fa-

224 2411 283 2443 cit.
307 2412 395 2443 Plin.
410 2413 434 2443 l.
450 2422 488 2444 11.
504 2423 534 2444 c.
552 2416 624 2444 103.

266 2465 328 2494 332
362 2463 522 2504 Plieneon]
566 2464 607 2494 In
651 2464 810 2502 Arcadia,
846 2474 920 2505 quae

224 2512 362 2544 Acliaiae
379 2513 470 2553 regio
496 2518 549 2544 est
572 2514 716 2544 maxime
733 2524 752 2545 a
774 2515 856 2546 mari
873 2524 923 2545 re-

222 2568 328 2601 mota,
342 2564 502 2604 oppidum
516 2567 569 2595 est
584 2574 625 2595 eo
639 2565 783 2603 nomine,
794 2575 812 2595 e
826 2566 879 2606 cuj
887 2575 923 2596 us

222 2612 402 2653 paludibus
439 2614 554 2644 Ladon
586 2613 753 2655 profluere
784 2615 922 2655 scripsit

222 2663 364 2695 Plinius.
401 2662 534 2704 Aquam
559 2669 685 2703 autem,
712 2664 755 2695 de
779 2673 844 2705 qua
867 2664 920 2695 hie

225 2713 369 2744 Ovidius
402 2713 537 2745 videtur
563 2714 766 2755 intelligere,
794 2715 921 2746 Pausa-

223 2764 293 2793 nias
308 2764 446 2804 Stygem
460 2764 574 2796 vocari
590 2765 637 2798 ait
654 2765 697 2797 ab
711 2764 917 2798 Arcadibus:

1020 2317 1081 2344 337
1108 2313 1258 2354 Ortygie]
1292 2313 1396 2343 Delos
1421 2315 1486 2350 est,
1509 2311 1611 2342 maris
1624 2311 1680 2342 ΙΕ-

978 2365 1054 2405 gaei,
1076 2363 1263 2404 Cycladum
1291 2362 1401 2393 insula
1427 2361 1625 2401 clarissima,
1657 2371 1678 2392 a

976 2414 1188 2445 coturnicum
1219 2413 1317 2452 copia
1346 2412 1470 2443 Graece
1497 2412 1546 2442 sic
1574 2411 1679 2452 dicta,

977 2474 1052 2504 quae
1079 2463 1157 2494 olim
1181 2462 1331 2502 fluitans,
1347 2466 1406 2493 aut
1434 2461 1519 2492 mari
1542 2460 1677 2500 obruta,

978 2515 1117 2545 Latonae
1144 2514 1255 2544 locum
1282 2513 1324 2542 ad
1356 2512 1555 2552 pariendum
1583 2522 1677 2553 quae-

978 2563 1065 2594 renti
1100 2568 1137 2594 ut
1164 2562 1396 2594 commodaret
1425 2565 1567 2602 repente
1597 2571 1677 2593 con-

977 2613 1077 2644 stitit.

1017 2663 1122 2703 Argo]
1144 2662 1278 2694 Nomen
1305 2665 1357 2692 est
1384 2661 1490 2701 navis,
1518 2671 1586 2703 qua
1611 2660 1677 2693 Ar-

974 2718 1131 2754 gonautae
1160 2713 1301 2744 Colchos
1327 2711 1369 2742 ad
1397 2712 1503 2743 vellus
1533 2721 1673 2744 aureum

973 2763 1222 2805 surripiendum
1236 2760 1383 2804 profecti
1399 2765 1489 2793 suut.
