1773 3121
282 204 395 247 1774

766 216 806 246 P.
838 216 996 248 OVIDII
1028 215 1241 248 NASONIS

550 440 668 481 ΕΑΒ.
700 439 779 481 LI.
834 440 979 482 Julius
1001 440 1151 482 Caesar
1171 441 1215 482 in
1235 439 1459 481 Cometen.

285 548 440 581 Ovmms
455 559 558 590 opere
576 554 716 590 peraeto
733 550 833 580 docet
855 559 889 580 se
915 560 934 580 a
957 550 1048 581 Chao
1065 549 1266 589 principium
1283 548 1426 589 cepisse,
1441 551 1478 579 et
1496 546 1538 579 ad
1561 548 1730 580 Caesarem

326 602 525 633 deduxisse:
553 612 664 643 quem,
681 602 838 643 gentibus
853 602 944 633 orbis
967 602 1123 642 devictis,
1138 602 1254 633 Venus
1280 605 1354 642 post
1376 610 1510 632 suorum
1533 600 1671 633 insidias
1694 602 1729 632 in

326 660 483 686 cometen
499 656 611 687 vertit.

284 739 401 797 HIC
423 760 567 797 tamen
587 757 777 798 accessit
801 757 992 798 delubris
1014 757 1181 799 advena
1199 756 1387 798 nostris:

1646 756 1732 797 ‘745

285 823 434 865 Caesar
456 825 496 863 in
521 823 639 863 Urbe
658 836 738 863 sua
759 824 882 864 Deus
902 829 993 864 est:
1025 838 1148 876 quern
1170 825 1312 865 Marte
1333 829 1520 876 togaque

285 890 582 941 Praeeipuum,
603 902 688 928 non
708 890 823 929 bella
843 891 982 941 magis
1003 890 1125 930 finita
1142 891 1385 943 triumphis,

283 955 462 1008 Resque
483 956 599 995 domi
617 958 764 1006 gestae,
786 960 1100 1008 properataque
1123 956 1257 1007 gloria
1276 969 1416 995 rerum

283 1023 338 1064 In
356 1022 476 1063 sidus
502 1025 662 1062 vertere
681 1034 856 1071 novum,
881 1022 1136 1075 stellamque
1158 1026 1414 1071 comantem,

285 1089 430 1139 Quam
452 1101 533 1128 sua
553 1088 794 1141 progenies.

856 1088 1011 1141 Neque
1032 1089 1147 1129 enim
1168 1089 1221 1129 de
1243 1088 1432 1130 Caesaris
1453 1087 1567 1129 actis

1650 1088 1735 1128 750

284 1156 434 1196 Ullum
453 1155 596 1207 majus
614 1167 740 1207 opUS,
763 1167 893 1206 quam
914 1155 1032 1208 quod
1054 1159 1178 1207 pater
1198 1155 1349 1196 extitit
1369 1155 1513 1208 hujus.

284 1222 463 1263 Scilicet
482 1233 715 1274 aequoreos
732 1220 830 1272 plus
850 1224 915 1260 est
935 1220 1160 1261 domuisse
1180 1221 1430 1270 Britannos,

327 1349 373 1372 LI.
397 1341 462 1371 Hic
471 1344 573 1371 tamen
583 1340 767 1380 peregrinus
778 1340 932 1380 ascriptus
947 1345 992 1372 est
1015 1340 1129 1371 nostris
1153 1341 1295 1380 templis.-
1322 1340 1429 1369 Coesar
1440 1342 1485 1370 est
1501 1339 1587 1370 Deus
1599 1339 1632 1370 in
1651 1339 1734 1370 Urbe

275 1380 335 1413 'sna
348 1393 360 1419 ‚·
383 1393 469 1422 quem
492 1392 567 1422 pace
582 1385 612 1412 et
635 1382 708 1413 bello
721 1382 905 1422 principem,
922 1393 980 1414 non
1002 1383 1103 1420 magis
1119 1383 1193 1413 bellu
1216 1383 1355 1412 absoluta
1370 1382 1544 1421 triumphis,
1559 1384 1588 1412 et
1605 1391 1654 1412 res
1664 1392 1735 1421 per-

283 1428 361 1455 actae
376 1428 510 1465 tempore
535 1424 633 1464 pacis,
659 1428 690 1454 et
714 1424 817 1462 gloria
840 1426 1008 1455 accelerata
1032 1435 1134 1455 rerum
1162 1427 1355 1454 mutat-erunt
1372 1424 1405 1452 in
1428 1432 1536 1454 novam
1559 1423 1678 1454 stellam
1704 1427 1735 1454 et

283 1470 430 1498 cometam
445 1467 604 1504 crinitam,
619 1476 707 1505 quam
721 1476 777 1496 sna
793 1466 917 1497 soboles.
963 1467 1070 1506 Neque
1086 1476 1154 1497 vero
1171 1469 1208 1496 cle
1227 1466 1327 1504 sactis
1344 1466 1478 1495 Coesaris
1491 1465 1586 1496 ullum
1608 1468 1654 1496 est
1669 1475 1732 1496 ma·

274 1509 331 1546 jus
343 1519 428 1549 opus,
444 1519 534 1549 quam
549 1509 626 1548 quod
639 1517 752 1548 parens
760 1508 828 1546 fuit
844 1509 943 1547 hujus.

887 1591 1022 1602 oooooo

992 1510 1108 1549 Nempe
1120 1509 1251 1549 amplius
1266 1511 1312 1538 est
1323 1507 1432 1538 vicisse
1448 1507 1623 1538 Britannos
1632 1517 1734 1548 (Βρασ-

1026 1591 1120 1601 ooooo

283 1649 388 1678 -744
402 1646 532 1677 Novem
549 1646 656 1677 Codd.
669 1648 760 1677 salut.
776 1647 959 1677 ΝΜΖ-747
972 1647 1053 1677 Tres
1066 1647 1142 1678 libri
1149 1647 1211 1689 fin.
1223 1646 1466 1686 tropaea—749
1481 1645 1567 1675 Tres
1583 1644 1734 1685 stellamq.

284 1692 425 1720 cometem
436 1699 448 1726 ;
460 1699 545 1720 unus
558 1692 810 1720 cometem-750
820 1688 888 1720 Alii
901 1698 955 1720 nec
970 1698 1030 1729 pro
1046 1699 1151 1730 neque.
1175 1689 1326 1721 Berolin.
1342 1689 1378 1719 C.
1391 1687 1590 1728 apua—752
1612 1685 1656 1718 A.
1673 1697 1731 1728 αἰχ.

935 1784 967 1815 N
974 1784 1074 1815 0¹1*AE

327 1851 389 1879 746
415 1849 538 1888 Coesar]
570 1848 679 1881 Julius
705 1850 830 1888 Caesar,
855 1848 981 1888 primus

284 1899 489 1938 Imperator.

326 1948 432 1977 Marte
448 1947 591 1988 togaque]
607 1948 696 1978 Pace
711 1952 745 1977 et
761 1947 867 1977 bello:
892 1956 980 1977 nam-

285 2004 349 2036 que
373 2003 465 2026 certe
495 1997 551 2026 ille
575 1997 608 2026 in
638 2001 818 2036 utrumque
845 1994 910 2025 fuit
932 1994 981 2026 ita

284 2049 432 2085 paratus,
450 2051 485 2075 ut
510 2055 550 2075 ex
567 2045 688 2085 quibus
715 2044 898 2075 virtutibus
914 2053 980 2074 rna-

276 2096 387 2135 jorem
404 2095 533 2124 laudem
550 2100 751 2126 consecutus
768 2095 822 2134 sit,
845 2093 981 2127 difficile

284 2143 327 2172 sit
349 2143 471 2174 dicere.

326 2195 388 2223 748
406 2193 592 2233 Properata]
611 2195 840 2233 Properanter
857 2198 892 2224 et
908 2193 980 2224 bre-

283 2242 315 2272 vi
332 2245 484 2282 tempore
503 2249 710 2283 comparata.

333 2293 397 2323 749
435 2293 627 2332 Comantem]
665 2294 815 2324 Cometae
849 2293 977 2324 crinitae

283 2340 385 2372 etiam
402 2343 508 2372 stella*
527 2343 694 2373 dicuntur.

325 2394 388 2422 750
421 2392 607 2432 Progenies]
641 2393 821 2423 Octavium
846 2392 975 2433 Augus-

283 2443 352 2472 tum
384 2442 476 2478 dicit,
506 2443 586 2473 ,lunii
617 2443 760 2472 Caesaris
791 2442 975 2482 adoptione

283 2491 386 2522 filium
415 2496 450 2522 et
474 2491 654 2529 haervdem,
672 2493 784 2529 Juliae,
800 2493 880 2524 Julii
906 2494 976 2524 Cae-

283 2542 364 2572 saris
385 2542 519 2577 sororis,
544 2548 714 2579 nepotem,
733 2552 827 2580 quem
854 2544 890 2572 C.
910 2542 977 2573 Oc-

283 2591 374 2622 tavio
389 2592 517 2630 peperit
534 2592 626 2621 Attin
641 2592 741 2622 Jutiae
759 2602 799 2621 ex
819 2593 866 2621 M.
881 2592 978 2623 Attio

283 2640 392 2671 Balbo
407 2640 484 2671 fiha.
533 2641 645 2671 C’etm‘t
662 2652 712 2671 ann
738 2642 976 2682 nrrz'ere-mveu,

275 2690 333 2731 fils
348 2691 384 2721 de
400 2690 507 2730 lafille
522 2692 558 2720 de
574 2700 607 2720 sa
623 2700 711 2722 soeur.
758 2691 870 2730 Atque
889 2692 976 2721 istud

285 2740 375 2771 ultra
401 2749 501 2782 quam
526 2739 607 2771 satis
634 2746 686 2772 est
712 2739 789 2771 ideo
810 2740 978 2772 inculcan-

1035 1849 1114 1879 dum
1130 1849 1272 1887 credidi,
1289 1848 1367 1889 quia
1382 1846 1416 1877 in
1433 1855 1473 1877 eo
1488 1845 1639 1886 graviter
1651 1853 1735 1877 non-

1036 1898 1118 1927 nulli
1134 1898 1273 1938 decepti
1289 1901 1377 1928 sunt.

1077 1949 1138 1977 751
1165 1946 1286 1985 Majus]
1309 1947 1318 1962 ‘
1333 1944 1606 1983 Gratulandum:
1622 1945 1734 1986 inquit

1036 1996 1168 2035 Florus,
1191 1997 1199 2013 ‘
1217 1996 1250 2026 in
1269 1999 1362 2026 tanta
1389 1994 1650 2035 perturbatione
1667 1999 1733 2035 est,

1034 2046 1122 2085 quod
1148 2045 1359 2085 potissimum
1395 2045 1436 2075 ad
1465 2045 1589 2075 Octav.
1622 2043 1734 2075 Caesa-

1036 2105 1106 2125 rem
1120 2095 1311 2136 Augustum
1337 2104 1465 2125 summa
1482 2103 1589 2124 rerum
1606 2093 1707 2125 rediit
1722 2104 1731 2132 ;

1035 2145 1102 2184 qui,
1118 2145 1285 2185 sapientia
1301 2155 1359 2175 sna
1376 2149 1476 2188 atque
1492 2144 1641 2183 solertia,
1657 2153 1734 2184 per-

1034 2195 1161 2224 culsum
1189 2194 1337 2235 undique
1366 2198 1401 2225 et
1427 2193 1664 2234 perturbatum
1681 2203 1734 2225 οι·-

1033 2242 1164 2274 dinavit
1197 2244 1337 2284 Imperii
1367 2253 1489 2283 corpus
1504 2254 1512 2274 :
1560 2242 1650 2283 quod
1682 2243 1732 2274 ita

1032 2292 1121 2323 haud
1151 2293 1253 2325 dubie
1278 2303 1447 2334 nunquam
1475 2293 1566 2324 coire
1590 2297 1626 2323 et
1651 2302 1730 2324 con-

1032 2342 1157 2372 sentire
1172 2343 1350 2382 potuisset,
1365 2342 1429 2373 nisi
1453 2342 1550 2373 unius
1576 2341 1729 2382 praesidis

1031 2398 1127 2431 nutu,
1144 2394 1236 2434 quasi
1264 2393 1374 2424 anima
1398 2397 1434 2424 et
1456 2396 1583 2433 mente,
1597 2395 1730 2433 regere-

1031 2444 1111 2475 tur!

1074 2497 1134 2524 751
1155 2495 1266 2533 Pater]
1282 2496 1436 2535 Namque
1452 2495 1500 2525 ita
1511 2495 1604 2525 illurn
1617 2504 1729 2527 rerum

1033 2553 1167 2575 summae
1185 2543 1351 2584 praefecit,
1367 2549 1401 2574 et
1417 2553 1518 2574 causa
1532 2543 1597 2574 fuit
1612 2553 1728 2576 eorum

1034 2593 1178 2624 omnium
1195 2603 1269 2633 quae
1295 2593 1465 2632 sapienter
1481 2592 1656 2632 Augustus
1673 2593 1729 2626 ad-

1032 2643 1250 2673 ministravit.

1073 2694 1135 2722 752
1158 2690 1298 2730 Scilicet]
1334 2690 1621 2722 Praestantissima
1637 2701 1726 2732 qua--

1031 2751 1097 2783 que
1113 2742 1256 2774 Caesaris
1272 2746 1367 2782 gesta
1378 2751 1453 2774 cum
1466 2741 1609 2783 quadam
1619 2741 1727 2775 ironia
