1773 3121
222 247 334 292 1632
709 257 749 285 P.
783 254 941 284 ovmn
975 252 1188 282 NAsoNis

223 353 295 403 Et,
318 353 355 393 si
377 365 498 406 spem
520 350 705 399 dederis,
724 348 828 389 mihi
848 347 986 396 crede,
1006 346 1231 397 rogaberis
1251 345 1374 385 ultro.

225 420 327 461 Neu
349 419 538 467 dubites,
560 417 760 470 absitque
781 420 870 456 tuae
888 414 1051 454 fiducia
1069 412 1220 453 formae
1239 426 1248 453 :

225 485 294 527 En
315 499 410 538 ego,
431 498 531 525 cum
554 484 651 523 Dea
672 483 768 531 sim,
791 481 916 522 nitidi
935 493 1032 520 cum
1063 479 1153 519 filia
1174 478 1305 527 Solis,

227 552 429 593 Carmine
450 563 550 591 cum
570 552 751 598 tantum,
773 551 940 588 tantum
959 559 1058 586 cum
1076 546 1265 598 gramine
1285 545 1448 598 possim
1465 559 1477 595 3

229 619 291 659 Ut
311 624 386 658 tua
407 619 504 666 sim,
529 629 679 657 voveo.
741 616 1020 669 Spernentem
1043 626 1200 666 sperne
1219 627 1229 656 ε
1260 612 1461 665 sequenti
1621 611 1677 654 35

228 683 385 726 Redde
407 684 552 723 vices:
584 695 759 736 unoque
781 681 893 721 duos
911 680 1122 721 ulciscere
1143 679 1271 719 facto.

229 751 363 791 Talia
383 750 575 799 tentanti,
602 749 746 798 Prius,
769 749 927 801 inquit,
948 748 992 787 in
1016 759 1192 799 aequore
1211 745 1407 795 frondes,

232 817 448 866 Glaucus,
470 821 512 856 et
531 817 575 856 in
598 816 781 856 summis
802 818 1032 855 nascentur
1053 813 1268 853 montibus
1288 813 1425 865 algae3

233 884 414 937 Sospite
438 896 568 935 quam
589 882 743 936 Scylla
763 881 900 921 nostri
920 883 1134 920 mutentur
1152 892 1332 919 amores.

234 950 462 1002 Indignata
486 950 585 989 Dea
605 954 698 988 est:
729 952 769 988 et
790 948 951 988 laedere
972 951 1185 999 quatenus
1206 947 1351 998 ipsum
1627 943 1682 983 40

233 1016 339 1057 Non
359 1019 542 1069 poterat,
563 1028 643 1054 nec
665 1014 970 1054 velletamans
988 1026 998 1063 ;
1028 1013 1228 1052 irascitur
1247 1013 1325 1061 illi,

236 1083 352 1133 Quae
376 1083 462 1122 sibi
485 1083 668 1134 prae1ata
688 1085 783 1121 est:
814 1079 1092 1132 Venerisque
1114 1079 1279 1119 offensa
1299 1078 1494 1132 repulsa,

236 1150 442 1190 Protinus
463 1148 686 1189 horrendis
707 1147 887 1187 infamia
906 1146 1070 1199 pabula
1093 1147 1239 1186 succis

238 1215 446 1265 Conterit,
468 1220 509 1256 et
529 1216 638 1256 tritis
662 1214 885 1255 Hecateia
906 1214 1100 1254 carmina
1121 1214 1298 1254 miscet:

233 1338 357 1375 poteras
372 1336 494 1374 rogari:
517 1339 544 1366 et
561 1335 587 1364 si
611 1345 695 1374 spem
711 1335 887 1372 indulseris,
912 1335 988 1365 mihi
993 1335 1093 1376 fidem
1110 1335 1194 1373 habe,
1209 1338 1316 1373 sponte
1330 1333 1498 1372 rogaberis.
1545 1334 1631 1364 Neve
1646 1334 1689 1365 sis

237 1380 383 1417 incertus,
408 1381 461 1407 aut
486 1378 606 1418 diffidas
620 1379 656 1408 de
674 1381 727 1407 tua
742 1378 908 1416 elegantia,
934 1388 998 1408 ecce
1022 1388 1089 1415 ego,
1113 1387 1180 1407 cam
1198 1378 1266 1407 Dea
1280 1376 1350 1414 sim,
1374 1375 1520 1416 cumfilia
1536 1376 1690 1416 splendidi

237 1420 330 1458 Solis,
354 1430 422 1450 cam
445 1423 566 1450 tantam
588 1420 705 1450 valeam
727 1420 974 1460 incantamentis,
1000 1430 1067 1449 cam
1084 1422 1204 1449 tantum
1220 1418 1331 1453 herbis,
1355 1418 1500 1457 percupio
1515 1422 1598 1449 tuam
1616 1428 1689 1450 esse.

241 1462 407 1492 Contemne
430 1462 654 1500 negligentem:
691 1472 748 1500 par
774 1463 843 1501 pari
869 1462 952 1498 mser
978 1461 1107 1499 amanti,
1134 1464 1226 1500 atque
1253 1461 1375 1491 vindica
1404 1461 1480 1490 duas
1509 1470 1569 1491 uno
1587 1459 1689 1498 facto.

242 1504 377 1534 Glaucus
392 1507 550 1543 respondet
566 1505 643 1534 talia
658 1505 793 1543 conanti,
822 1505 904 1535 Ante
928 1505 1006 1535 rami
1032 1507 1167 1535 crescent
1183 1503 1213 1533 in
1237 1503 1330 1540 mari,
1357 1506 1388 1532 et
1411 1504 1492 1539 αἷμα
1516 1503 1548 1533 in
1563 1503 1692 1534 excelsis

238 1546 374 1584 collibus,
399 1557 487 1586 quam
504 1548 601 1576 nostri
623 1557 737 1576 amores
763 1550 921 1578 mutentur
944 1546 1048 1586 Scylla
1073 1546 1224 1576 incolumi.
1270 1546 1338 1576 Dea
1356 1547 1437 1575 irata
1452 1548 1521 1580 est,·
1542 1548 1573 1575 et
1594 1545 1692 1584 siqui-

239 1589 307 1618 dem
321 1598 381 1618 non
395 1592 517 1628 poterat
535 1589 632 1628 ipsum
658 1588 825 1628 offendere,
849 1599 942 1629 neque
968 1598 1074 1620 amans
1091 1588 1124 1618 id
1140 1591 1276 1627 cuperet,
1301 1588 1402 1618 odiam
1418 1590 1542 1617 exercet
1555 1587 1590 1617 in
1604 1587 1691 1617 ittam

240 1639 305 1669 qua’
320 1629 378 1660 sibi
400 1631 563 1669 proeposita
580 1634 642 1659 est:
664 1634 756 1668 atque
772 1632 845 1660 Ioe-sa
872 1632 991 1669 repulsa
1011 1631 1137 1661 Veneris
1151 1631 1294 1660 continuo
1310 1629 1383 1659 terit
1408 1629 1518 1659 herbas
1532 1630 1693 1660 damnatas

240 1672 337 1703 succis
362 1672 576 1702 abhorremus.-
613 1675 641 1701 et
667 1672 755 1701 uadit
780 1673 925 1702 contritis
950 1673 1173 1702 incantationes
1199 1671 1389 1701 Hecateias:
1423 1674 1455 1701 et
1478 1671 1571 1702 sumit
1593 1671 1693 1711 pullos

856 1764 891 1774 ee
895 1764 910 1774 ο
914 1764 929 1774 ae
934 1763 1086 1775 ‘eunte

244 1823 323 1858 troq.
351 1827 418 1856 rog.
449 1826 533 1847 unus
552 1817 627 1846 Bas.
645 1820 727 1847 certe
751 1821 874 1856 poteras
902 1819 1041 1856 ultroque
1064 1827 1128 1855 rog.
1160 1817 1272 1847 Potius
1287 1827 1348 1856 pro
1372 1821 1495 1857 poteras
1509 1819 1541 1849 in
1558 1818 1693 1859 quibus-

245 1861 343 1897 dam;
368 1859 450 1890 etin
479 1859 551 1888 aliis
577 1862 723 1897 certoque.
772 1858 810 1887 In
835 1868 883 1897 pr.
902 1858 975 1889 Pal.
1004 1861 1145 1897 certoque
1166 1858 1276 1895 rigori.
1311 1859 1467 1898 Denique
1496 1860 1615 1892 Heius.
1644 1871 1694 1893 VS.

245 1903 292 1933 sic
309 1902 512 1932 constituere
530 1899 678 1936 volebat,
696 1899 821 1937 Dignus
846 1909 923 1938 eras,
947 1902 1127 1939 poterasque
1142 1901 1221 1929 ultro
1244 1899 1344 1938 (mihi
1358 1901 1470 1939 crede)
1486 1911 1552 1940 rog.
1575 1903 1694 1934 Burm.

245 1945 307 1982 sic,
332 1943 458 1980 Dignus
483 1950 569 1970 eras:
594 1942 674 1970 ultro
689 1944 822 1979 poteras,
843 1952 898 1980 per
921 1945 1006 1981 teque
1028 1944 1180 1980 r·og.—32
1217 1941 1288 1971 Nea
1309 1942 1408 1972 dubit.
1438 1943 1612 1982 meliores;
1637 1945 1693 1975 alii

246 1996 293 2016 ne.
311 1984 459 2023 Absitque
485 1983 587 2012 etiam
604 1983 730 2013 Thnan.
760 1993 810 2022 pr.
839 1982 966 2014 Erfurt.
995 1988 1030 2014 et
1060 1984 1146 2013 Mor.
1165 1988 1199 2013 et
1227 1988 1357 2023 septem
1383 1984 1460 2022 alii;
1485 1990 1519 2016 at
1545 1987 1694 2018 nonnulli

246 2026 385 2057 edidere
411 2025 570 2064 adsitque,·
608 2024 722 2054 Heius.
747 2025 836 2065 conj.
863 2025 1075 2056 absit1·e.—33
1109 2025 1149 2055 In
1182 2025 1317 2056 caelest.
1347 2026 1438 2057 nitid.
1462 2038 1578 2067 quoqne
1598 2028 1694 2070 fil.—

247 2071 287 2100 34
313 2069 441 2099 Omnes
468 2067 544 2096 libri
582 2067 699 2105 scripti
723 2070 801 2098 tant.
826 2072 970 2107 quantum
993 2077 1105 2108 quoque
1118 2078 1240 2106 gram:
1265 2072 1301 2098 at
1326 2069 1522 2108 Sprotianus
1546 2074 1694 2110 quantum

248 2120 338 2146 eum;
363 2110 449 2140 unde
477 2109 596 2139 Heius.
617 2111 739 2139 tantam
754 2120 831 2140 cum.
864 2110 904 2140 In
930 2114 1007 2140 tert.
1034 2110 1134 2140 etiam
1164 2110 1253 2141 Med.
1271 2115 1304 2141 et
1321 2111 1467 2151 quinque
1484 2112 1559 2142 aliis
1581 2123 1696 2153 quoque

249 2153 445 2185 omiss—36
469 2152 537 2181 Pro
555 2152 644 2191 vulg.
674 2154 749 2181 duas
765 2161 806 2181 ex
828 2152 869 2182 V.
886 2156 920 2182 et
936 2153 1081 2192 quinque
1106 2153 1178 2182 aliis
1196 2152 1309 2183 Burni.
1339 2153 1468 2193 recepit
1495 2155 1590 2191 duom
1616 2156 1695 2196 quia

252 2195 437 2236 praevalere
469 2193 572 2223 debet
609 2203 712 2232 genus
739 2194 968 2225 masculinum.
1002 2194 1122 2225 Heius,
1158 2204 1289 2235 quoque
1320 2196 1468 2226 malebat
1497 2197 1556 2226 ule.
1596 2201 1697 2237 pacto,

249 2243 287 2268 ut
304 2242 440 2277 paetum
458 2236 608 2275 nuptiale
622 2236 926 2275 intelligatur.-—37
943 2237 1022 2266 Bas.
1045 2236 1109 2267 Tal.
1127 2237 1276 2277 captanti,
1289 2237 1329 2267 P.
1344 2238 1432 2278 quod
1450 2239 1564 2277 placet
1580 2239 1695 2271 Burm.

247 2282 341 2310 -43,
359 2282 399 2310 44
425 2278 579 2309 Heidelb.
595 2279 642 2308 sic
654 2278 756 2308 habet
772 2279 857 2309 Prot.
874 2279 956 2309 horr.
971 2278 1102 2316 infamia
1117 2280 1262 2317 gramina
1275 2279 1392 2318 miscet,
1418 2281 1550 2311 omissis
1565 2282 1696 2312 mediis.

250 2322 345 2353 Unus
371 2321 457 2351 Mor.
482 2321 569 2350 Prot.
597 2319 719 2357 infestis
742 2321 800 2359 inf.
824 2321 891 2351 Pro
921 2321 1032 2361 pabula
1048 2322 1142 2351 multi
1156 2321 1324 2359 gramina‚·
1347 2326 1381 2352 et
1395 2322 1566 2363 Bernegg.
1580 2326 1697 2364 pocula.

253 2364 371 2395 Heins.
388 2363 435 2394 sie
450 2362 597 2401 volebat,
623 2363 712 2393 Prot.
730 2363 906 2403 horrendos,
924 2363 1054 2401 infamia
1066 2363 1191 2403 pabula,
1205 2373 1317 2395 saccos.
1341 2364 1443 2395 Multi
1459 2365 1560 2396 etiam
1585 2366 1695 2400 codd,

906 2479 1048 2511 NOTAE

296 2568 338 2596 36
358 2565 462 2596 Redde
477 2565 571 2605 vices]
590 2566 646 2597 Me
666 2566 789 2606 pariter
807 2567 952 2598 redama.
1008 2571 1112 2597 retur.

297 2614 398 2659 Duos]
411 2616 520 2654 Vulgo
530 2616 949 2657 duas:i.e.Scyllam‚quae
1052 2620 1092 2648 38
1116 2616 1222 2656 Algoe]
1259 2616 1343 2648 Quae
1370 2615 1476 2647 herba
1501 2621 1554 2647 est
1577 2617 1698 2648 nullius

256 2665 361 2696 amori
387 2675 452 2696 non
470 2665 712 2706 respondebat,
738 2666 927 2697 deserendo
942 2679 950 2705 ;
1005 2666 1139 2703 valoris,
1153 2664 1252 2695 maris
1268 2665 1542 2705 ejectamentum.

258 2714 402 2753 Cimoni,
420 2725 494 2756 quae
518 2724 616 2755 opem
634 2714 839 2755 denegabat,
857 2726 949 2756 spem
1048 2719 1089 2747 44
1115 2716 1281 2755 Hecateia]
1305 2715 1559 2748 Incantamenta
1572 2715 1614 2748 ab
1631 2716 1699 2748 He-

257 2764 306 2794 illi
324 2764 508 2803 injiciendo
532 2765 667 2805 amoris,
699 2769 737 2796 ut
763 2775 802 2797 eo
816 2769 951 2807 torque·
1002 2771 1080 2798 cate
1094 2770 1200 2797 matre
1216 2770 1367 2807 accepta.
