1773 3121
149 233 265 275 2216
638 247 680 278 P.
713 247 873 279 ovmn
903 247 1115 281 NAsoms

152 339 257 380 Non
277 340 401 382 aliter
422 341 585 394 stupui,
607 354 740 396 quam
761 343 837 396 qui
857 343 986 386 ‚Iovis
1006 345 1179 397 ignibus
1201 345 1312 387 ictus

207 407 346 457 Vivit,
375 411 416 448 et
436 412 504 449 est
523 409 625 450 vitae
646 410 820 450 nescius
841 411 939 464 ipse
960 425 1070 453 su‘ee.

151 474 214 517 Ut
234 478 376 516 tamen
395 476 504 516 hanc
526 478 668 516 animo
686 477 841 516 nubem
864 478 984 518 dolor
1005 479 1103 531 ipse
1123 480 1316 528 removit,

207 542 266 582 Et
285 542 460 582 tandem
483 556 639 583 sensus
662 544 918 584 convaluere
939 546 1024 584 mei
1042 559 1052 596 3

149 607 368 661 Alloquor
386 612 628 650 extremum
649 614 831 651 moestos
853 612 1049 652 abiturus
1072 613 1257 662 amicos,

207 674 299 726 Qui
321 676 450 716 modo
471 677 524 716 de
544 678 692 719 multis
713 691 828 718 unus
851 682 895 719 et
915 679 1023 719 alter
1045 684 1177 721 erant.

148 740 274 783 Uxor
294 755 444 783 amans
465 744 639 785 flentem
659 746 763 785 fiens
785 746 930 786 acrius
952 747 1051 797 ipsa
1071 748 1246 788 tenebat
1263 761 1273 797 3

205 807 350 848 Imbre
372 822 447 861 per
468 810 666 861 indignas
695 822 833 862 usque
853 810 1033 850 cadente
1053 825 1203 863 genas.

147 873 266 915 Nata
284 876 436 928 procul
457 875 638 929 Libycis
659 877 807 917 aberat
828 876 1000 917 diversa
1020 879 1102 918 sub
1124 880 1210 919 oris
1229 893 1238 920 ε

203 940 302 982 Nec
323 946 494 994 poterat
511 943 588 983 fati
609 943 765 983 certior
786 956 882 984 esse
903 945 1001 985 mei.

148 1007 436 1062 Quocumque
457 1011 692 1062 aspiceres,
712 1011 856 1052 luctus
878 1012 1150 1066 gemitusque
1172 1014 1409 1055 sonabant:

203 1075 449 1130 Formaque
469 1091 554 1118 non
575 1078 696 1119 taciti
717 1078 881 1121 funeris
901 1081 1016 1121 intus
1038 1085 1142 1122 erat.

147 1141 362 1193 Foemina,
383 1145 550 1198 virque,
570 1157 667 1186 meo
686 1147 810 1199 pueri
832 1160 1008 1201 quoque
1028 1148 1176 1189 funere
1196 1153 1404 1190 moerent:

204 1209 345 1263 Inque
367 1211 495 1252 domo
516 1213 733 1267 lacrymas
755 1216 939 1266 angulus
962 1216 1102 1256 omnis
1123 1217 1267 1258 habet.

147 1275 196 1316 Si
216 1277 318 1318 licet
339 1279 555 1331 exemplis
576 1281 619 1320 in
640 1293 778 1332 parvo
801 1282 1037 1332 grandibus
1058 1283 1118 1323 uti
1138 1296 1148 1333 ;

204 1344 319 1385 Haec
341 1345 478 1385 facies
500 1345 665 1398 Trojae,
687 1358 786 1384 cum
808 1351 1052 1398 caperetur,
1074 1351 1180 1388 erat.

144 1411 334 1464 Jamque
355 1411 637 1464 quiescebant
656 1425 791 1453 voces
810 1412 1125 1467 hominumque
1145 1426 1410 1468 canumque:

202 1478 416 1532 Lunaque
437 1481 669 1522 nocturnos
691 1480 782 1522 alta
801 1482 975 1535 regebat
998 1494 1149 1535 equos,

1544 615 1600 655 15

1545 1283 1572 1325 ³0

1575 1286 1601 1325 Οἳ

143 1610 229 1631 secus
242 1600 395 1631 attonitus
402 1599 469 1640 fui,
484 1609 574 1640 quam
588 1600 640 1641 qui
652 1604 805 1641 superstes
820 1604 877 1643 est,
892 1601 1014 1643 afflatus
1030 1600 1172 1642 flammis
1185 1601 1286 1640 Jovis,
1302 1604 1332 1632 et
1347 1600 1411 1641 ipse
1425 1604 1470 1632 est
1485 1602 1603 1634 nescius

145 1653 208 1673 suoe
221 1642 305 1674 vitoe.
350 1643 524 1683 Postquam
539 1647 641 1674 tamen
655 1645 718 1684 ipse
731 1645 817 1675 dolor
839 1645 956 1685 depulit
970 1644 1035 1674 haec
1050 1643 1156 1674 nubila
1170 1654 1209 1674 ea:
1223 1643 1337 1683 animo,
1352 1646 1383 1675 et
1398 1643 1528 1684 denique
1543 1646 1602 1677 mei

144 1695 250 1717 sensus
263 1685 422 1716 redierunt
433 1696 446 1722 ,·
479 1685 639 1717 novissime
662 1686 849 1718 discessurus
871 1688 1008 1727 alloquor
1030 1687 1137 1717 tristes
1151 1687 1274 1726 amicos,
1297 1687 1349 1726 qui
1374 1689 1464 1717 erant
1477 1697 1557 1719 unus
1572 1691 1603 1719 et

143 1729 226 1759 alter
251 1728 289 1759 de
303 1729 390 1759 modo
409 1729 566 1768 plurimis.
613 1730 736 1768 ConJux
762 1729 831 1769 ipsa
853 1740 960 1760 amans
985 1730 1092 1768 lugens
1118 1728 1324 1760 vehementius
1349 1730 1605 1770 complectebatur

144 1773 311 1810 lugentem,
335 1781 403 1802 rore
418 1781 512 1811 usqne
529 1771 650 1812 fluente
671 1782 727 1812 per
747 1782 845 1811 genas
860 1772 1042 1803 immeritas
1088 1772 1175 1802 Filia
1187 1772 1294 1811 procul
1315 1771 1422 1802 aberat
1436 1772 1548 1803 dissita
1562 1774 1603 1804 ad

145 1823 216 1843 oras
237 1812 369 1854 Libycas
379 1824 392 1851 ;
417 1823 511 1854 neque
534 1817 660 1854 poterat
688 1825 867 1854 cognoscere
891 1825 989 1845 meum
1018 1814 1235 1852 infortunium.
1282 1815 1476 1855 Quocumque
1505 1816 1604 1847 oculos

144 1859 293 1893 verteres,
307 1856 406 1887 luctus
422 1860 451 1888 et
465 1857 600 1895 gemitus
614 1857 819 1888 audiebantur
828 1868 840 1895 ;
864 1861 894 1888 et
910 1858 1023 1898 species
1039 1860 1107 1888 erat
1129 1858 1214 1887 intus
1226 1856 1354 1894 funeris
1370 1857 1603 1898 haudquaquam

145 1899 234 1930 muti.
261 1899 403 1930 Foemina
417 1902 447 1930 et
460 1900 521 1938 vir,
535 1900 625 1940 pueri
640 1901 735 1931 etiam
750 1901 856 1940 lugent
868 1900 1040 1938 infortunio
1054 1910 1120 1930 meo
1129 1909 1140 1936 ;
1163 1904 1193 1931 et
1209 1901 1306 1931 omnis
1322 1900 1454 1939 angulus
1468 1900 1500 1930 in
1515 1901 1602 1931 domo

145 1940 353 1982 liabetfletus.
399 1942 436 1973 Si
452 1942 521 1972 licet
537 1943 586 1974 uti
603 1943 724 1982 magnis
745 1942 893 1984 exemplis
907 1943 940 1973 in
956 1952 992 1973 re
1008 1943 1104 1981 tenui,
1124 1943 1189 1973 haec
1204 1945 1272 1973 erat
1286 1942 1400 1983 species
1417 1943 1520 1981 Trojoe
1534 1952 1603 1974 cum

145 1988 387 2024 wpugnaretur.
432 1985 567 2026 Jamque
592 1994 681 2017 sonus
708 1986 806 2017 omnis
829 1986 985 2017 hominum
1003 1989 1032 2017 et
1058 1995 1168 2016 canum
1191 1994 1347 2026 repressus
1371 1987 1452 2026 erat,
1466 1989 1498 2017 et
1513 1986 1603 2017 Luna

754 2069 992 2082 eeeeeeeeeeee

147 2120 252 2151 Barb.
269 2126 304 2151 et
321 2121 508 2163 Gottorph.
530 2132 595 2163 pro
620 2133 693 2155 var.
717 2123 799 2156 lect.
824 2123 916 2164 vulg.
941 2124 1161 2155 comites.—11
1185 2123 1299 2156 Juret.
1326 2122 1434 2162 Epist.
1449 2121 1491 2152 ad
1505 2121 1600 2163 Sym-

146 2163 256 2194 mach.
273 2172 328 2195 111.
345 2166 377 2194 6.
393 2164 426 2194 in
442 2165 514 2195 aliis
532 2165 631 2197 codd.
648 2170 795 2196 testatur
812 2175 886 2197 esse
902 2167 937 2198 J.
953 2167 1020 2205 ign.
1036 2169 1144 2197 actus:
1166 2166 1199 2196 in
1217 2166 1306 2196 Mor.
1321 2166 1503 2196 πέψει-13
1520 2165 1600 2196 Ληί-

145 2215 194 2235 mo
224 2214 267 2235 ex
293 2205 335 2236 P.
366 2205 485 2237 Heius.
515 2207 628 2246 placet
655 2217 726 2247 prae
752 2208 843 2246 vulg.
871 2208 1067 2238 animi.—14
1090 2208 1186 2237 Unus
1216 2206 1300 2237 eod.
1340 2207 1384 2237 Ut
1411 2216 1472 2247 pro
1502 2208 1601 2238 Et.—

151 2251 187 2277 17
213 2247 397 2288 Gottorpli.
415 2248 475 2289 ips.
490 2248 630 2284 dolebat3
653 2259 738 2280 unus
762 2248 919 2280 movebat:
943 2249 1060 2280 Heius.
1076 2249 1164 2288 conj.
1183 2248 1411 2285 fovebat.—19
1432 2249 1601 2291 Libycas...

144 2290 200 2320 sub
225 2300 295 2321 oras
321 2290 403 2322 Jun.
431 2290 521 2331 quod
548 2290 611 2321 sibi
632 2300 699 2321 non
726 2291 909 2331 displicere
941 2291 1061 2322 Heius.
1090 2293 1366 2321 notaverat.·-21
1391 2290 1487 2322 Unus
1512 2292 1601 2323 liber

146 2333 241 2374 aspie.
256 2333 393 2372 gemitus
406 2333 578 2374 lacrymoeq.
592 2342 659 2364 son.
682 2333 798 2364 Burm.
814 2333 899 2375 conj.
911 2333 1054 2375 planctus
1066 2333 1316 2373 gemitusq.-25
1340 2333 1483 2365 Plurimi
1496 2334 1602 2374 parvis

802 2429 942 2463 NOTAE

191 2505 230 2535 12
266 2503 412 2543 Nescius]
463 2504 668 2546 Priusquam
701 2504 847 2546 spatium
926 2505 1085 2548 Libycis]
1138 2504 1247 2546 Libya
1281 2513 1362 2545 pars
1399 2507 1452 2535 est
1486 2505 1601 2545 ampla

147 2555 262 2586 datum
283 2554 389 2586 fuerit
404 2555 587 2596 cogitandi,
601 2561 703 2598 atque
715 2556 848 2597 singula

146 2605 344 2638 excutiendi
352 2616 427 2648 quae
438 2616 500 2637 nec
510 2606 705 2647 opinantem
716 2617 758 2638 ex
766 2606 846 2638 sede

149 2665 207 2687 sua
218 2656 398 2698 dejiciunt,
411 2656 532 2688 nullius
543 2657 671 2689 animus
686 2657 751 2688 huc
766 2657 846 2688 illuc

148 2711 266 2747 raptus
283 2707 415 2739 consilii
431 2711 483 2739 est
499 2716 619 2748 capax.

193 2760 232 2788 19
263 2758 366 2799 Nata]
403 2758 544 2799 Pei-illa,
573 2767 649 2801 quae
675 2756 781 2790 virum
811 2758 844 2789 iu

148 2807 301 2840 Africam
319 2813 436 2841 secuta
451 2813 537 2840 erat.

900 2555 1051 2595 Africae;
1077 2566 1150 2597 quae
1177 2564 1299 2596 prossa
1325 2557 1400 2585 tota
1415 2554 1600 2596 saepissime

900 2606 1048 2646 ponitur.

943 2658 985 2686 22
1009 2656 1083 2686 Non
1098 2653 1202 2694 taciti]
1231 2654 1318 2686 Quia
1341 2663 1456 2685 omnes
1479 2658 1598 2695 aperte

899 2705 1072 2746 lugebant,
1088 2709 1124 2736 et
1139 2704 1286 2745 gemitus
1300 2707 1402 2746 atque
1419 2705 1598 2746 plangores

900 2755 1060 2787 edebant.

942 2809 982 2838 23
1007 2805 1121 2846 Pueri]
1151 2804 1296 2836 servuli.
