1773 3121
248 225 363 268 1936
494 237 537 269 P.
559 235 716 267 ov1n11
748 235 963 267 NAsoms
996 235 1259 270 FASTORUM
1293 237 1391 270 mn.
1413 238 1464 269 ιι.

249 328 324 371 Ex
343 342 448 371 vero
470 329 657 382 positum
677 331 913 383 permansit
934 330 1116 383 Equiria
1135 344 1309 382 nomen,

308 396 423 446 Quae
450 398 568 437 Deus
590 399 633 438 in
656 396 824 451 Campo
846 399 1060 451 prospicit
1080 399 1175 451 ipse
1197 411 1293 439 suo.
1608 395 1694 438 860

250 462 280 504 J
283 476 360 504 ure
380 465 516 512 venis,
538 464 729 506 Gradive
746 479 757 516 3
787 466 931 505 locum
955 470 1029 504 tua
1049 470 1245 518 tempora
1265 467 1467 518 poscunt,

308 530 601 585 signatusque
625 537 696 573 tuo
716 533 888 572 nomine
908 533 1067 572 mensis
1089 532 1228 573 adest.

250 595 463 638 Venimus
481 599 524 638 in
547 604 732 651 portum,
751 599 861 639 libro
882 611 982 639 cum
1002 612 1144 639 mense
1163 602 1362 652 peracto.

308 663 499 717 Naviget
518 666 616 707 hinc
639 667 725 707 alia
736 668 831 720 jam
852 666 955 707 mihi
976 667 1103 707 linter
1124 679 1256 720 aqua.

241 795 378 833 junctis:
402 805 511 826 nomen
529 797 660 836 Equirz'a
674 798 779 826 <latum
789 805 828 826 ex
841 796 951 834 reipsa
969 797 1151 835 permansit,
1166 807 1232 836 quae
1244 797 1310 837 ipse
1324 796 1412 827 Deus
1425 797 1542 836 spectat
1555 795 1590 826 in
1607 793 1698 826 Cam·

246 847 287 877 po
298 846 362 868 suo.
396 838 514 868 Merito
526 840 608 875 ades,
627 838 778 875 Gradive,
793 841 930 876 tempora
945 841 998 867 tua
1013 842 1159 877 expetunt
1170 839 1303 878 spatium
1312 849 1323 875 ;
1346 841 1376 869 et
1387 838 1498 869 mensis
1512 840 1634 868 notatus
1645 840 1698 868 tuo

250 879 371 910 nomine
385 880 519 909 advenit.
568 880 734 918 Tungimus
755 882 892 919 portum,
916 878 993 909 libro
1019 879 1155 910 absoluto
1182 890 1249 911 cum
1274 890 1384 912 meme.
1427 881 1503 910 Jam
1527 880 1614 911 navis
1627 879 1698 910 hinc

250 920 328 951 mihi
342 925 445 952 currat
463 922 525 951 alia
539 930 630 960 aqua.

861 1019 1091 1031 mmmm

250 1080 368 1121 scripti
382 1081 435 1112 An
449 1085 631 1113 mea—858
654 1081 850 1113 Pembrocii
866 1082 952 1113 liber
968 1082 1087 1122 Marsq.
1103 1081 1174 1113 citis
1189 1080 1292 1120 janot.
1310 1084 1380 1111 tres
1399 1081 1598 1112 citus.—859
1618 1078 1702 1111 Vet.

253 1122 338 1154 eod.
366 1124 469 1155 habet
495 1125 745 1164 Equrria.-861
771 1124 890 1156 Heins.
914 1128 970 1155 tua
993 1125 1026 1154 in
1053 1135 1108 1156 sua
1131 1128 1264 1155 mutare
1290 1123 1542 1154 volebat—864
1566 1121 1703 1153 Modius

254 1165 403 1197 Novant.
428 1167 523 1197 Lect.
539 1176 613 1205 cap.
627 1169 682 1198 68.
694 1166 843 1198 malebat
855 1167 905 1198 hic
921 1176 984 1207 pro
1000 1167 1082 1199 hinc.
1104 1167 1188 1199 Mox
1205 1167 1260 1198 Fr.
1276 1170 1313 1198 et
1327 1170 1473 1207 quatuor
1487 1164 1621 1204 aliiJ'am
1634 1173 1702 1195 mea

255 1207 326 1239 lint.
349 1208 446 1240 Voss.
461 1218 528 1239 mea
541 1208 639 1239 navis.

904 1301 1044 1333 NOTAE

298 1406 361 1435 859
389 1401 484 1440 Vero]
507 1400 562 1431 Ab
578 1400 686 1441 equis,
700 1400 771 1432 scil.
1001 1409 1092 1440 men,
1110 1410 1129 1431 a
1146 1401 1329 1441 gradiendo
1352 1400 1441 1432 ultro
1457 1400 1609 1441 citroque
1626 1409 1702 1433 cum

297 1456 360 1484 860
384 1449 488 1489 Deus]
511 1450 616 1480 Mars.
1002 1449 1037 1479 in
1053 1450 1162 1480 aciem
1178 1451 1257 1481 itur.

298 1502 377 1542 Suo]
400 1500 543 1532 Martio.
1047 1501 1109 1529 863
1138 1500 1283 1530 Venimus
1296 1499 1478 1539 importum]
1501 1498 1592 1532 Quia
1607 1499 1704 1531 abso-

298 1554 360 1583 861
385 1551 466 1581 Jure
481 1548 580 1589 venis]
594 1548 693 1579 Istud
709 1558 752 1580 ex
770 1547 890 1580 Pokitae
905 1547 953 1580 in·
1004 1550 1094 1581 lutus
1122 1550 1290 1582 secundus
1315 1551 1499 1582 Fastorum
1524 1548 1612 1580 liber
1639 1548 1706 1581 hoc

257 1602 369 1643 genio,
385 1604 423 1631 ut
449 1598 493 1630 ad
507 1608 657 1630 mensem
673 1598 779 1629 Marti
803 1598 954 1630 dicatum
1007 1599 1105 1632 dicit.
1128 1600 1336 1642 Metaphora
1351 1603 1405 1631 est
1419 1609 1439 1630 a
1453 1597 1685 1638 navigatione.

257 1655 424 1685 trauseat.
1049 1654 1112 1684 864
1135 1651 1211 1684 Alia
1225 1650 1320 1693 aqua]
1342 1649 1420 1683 Alia
1446 1647 1592 1681 materia
1616 1652 1708 1681 trac-

302 1701 459 1744 Gradive]
494 1700 618 1734 Martis
643 1699 725 1733 illud
750 1704 802 1733 est
832 1709 955 1743 cogno·
1009 1701 1123 1736 tanda.
