1773 3121
164 136 279 187 2210
660 147 701 178 P.
733 146 891 176 ovmn
924 145 1135 177 NAsoms

168 242 249 284 Est
266 242 447 297 aliquid,
466 241 612 282 fatove
632 254 712 283 suo
732 243 900 283 ferrove
919 242 1150 282 cadentem

225 309 278 350 In
300 309 439 350 solida
461 308 650 348 moriens
671 322 829 362 ponere
848 323 1007 362 corpus
1025 309 1155 348 humo
1173 321 1183 348 z

168 375 227 417 Et
244 376 449 416 mandare
471 376 565 414 suis
588 374 768 428 aliquid,
790 389 964 428 sperare
987 375 1202 427 sepulcra,
1565 370 1622 413 55

225 442 282 483 Et
299 455 384 483 non
407 444 623 495 aequoreis
647 444 843 495 piscibus
866 456 962 483 esse
982 442 1144 481 cibum.

169 509 342 562 Fingite
361 524 429 549 me
449 510 627 560 dignum
648 511 722 550 tali
745 524 875 551 nece:
907 522 994 550 non
1017 521 1099 560 ego
1122 507 1241 547 solus

227 577 318 617 Hic
337 577 484 617 vehor.
535 577 783 618 Immeritos
806 592 879 618 cur
899 590 995 617 mea
1018 588 1153 629 poena
1173 573 1337 614 trahit?

169 643 258 685 Pro
278 644 448 697 Superi,
470 645 713 697 viridesque
735 645 837 693 Dei,
859 646 1015 697 quibus
1037 655 1216 696 aequora
1234 652 1351 681 curae
1370 640 1379 681 !

225 709 418 763 Utraque
432 711 523 762 jam
547 714 716 748 vestras
739 709 880 747 sistite
901 710 1025 747 turba
1042 710 1200 749 minas.
1569 705 1625 747 60

171 776 402 830 Quamque
424 776 542 816 dedit
563 776 697 816 vitam
719 775 946 814 mitissima
970 773 1166 814 Caesaris
1187 776 1266 823 ira,

228 843 363 884 Hanc
386 843 511 883 sinite
532 842 687 882 infelix
705 843 749 882 in
770 842 869 882 loca
884 841 1012 895 jussa
1032 841 1181 881 feram.

172 911 236 961 Si,
259 923 389 964 quarn
412 910 644 963 promerui,
667 922 848 962 poenam
870 922 938 949 me
957 909 1146 962 pendere
1166 905 1329 959 vultis;

230 977 375 1031 Culpa
391 990 487 1017 mea
507 980 588 1027 est,
610 978 709 1030 ipso
723 976 892 1031 judice,
913 980 1052 1016 morte
1074 976 1222 1016 minor.

172 1097 220 1128 rel
226 1096 330 1135 ferro,
346 1096 509 1127 demittere
523 1106 631 1136 corpus
646 1097 779 1128 moriens
793 1096 824 1128 in
841 1101 926 1129 terra
941 1097 1044 1128 solita.
1090 1096 1151 1126 Est
1163 1094 1281 1135 aliquid
1291 1103 1415 1134 sperare
1427 1092 1559 1124 tumulos
1572 1090 1630 1122 im-

169 1143 292 1180 peratos
307 1139 382 1177 suis,
398 1148 492 1178 neque
507 1148 569 1168 esse
593 1141 732 1178 proedam
754 1140 890 1178 piscibus
902 1141 1042 1170 marini&
1088 1139 1202 1169 Ponite
1218 1147 1264 1168 me
1279 1147 1342 1167 esse
1367 1136 1510 1166 meritum
1525 1134 1632 1172 hujus-

174 1182 255 1212 modi
271 1182 366 1211 letum
378 1191 388 1216 ;
411 1190 466 1218 ego
481 1190 540 1210 uon
557 1181 607 1210 hic
622 1181 711 1210 vehor
729 1182 824 1211 solus:
854 1182 1049 1220 quamobrem
1064 1190 1130 1209 mea
1138 1190 1226 1218 poenm
1241 1180 1344 1217 rapiat
1367 1179 1512 1215 indignos
1523 1175 1539 1207 (P
1564 1177 1630 1206 Pro

174 1224 234 1255 Dii
250 1223 374 1263 Superi,
392 1225 482 1260 atque
494 1223 609 1260 glauci,
620 1222 727 1260 quibus
742 1223 841 1251 maria
855 1232 937 1251 στιν-α]
949 1222 964 1252 !
985 1226 1147 1259 utrumque
1160 1231 1270 1258 agmen
1286 1220 1420 1250 omittite
1428 1220 1497 1257 jam
1512 1221 1630 1249 vestras

174 1266 289 1296 minas.-
312 1268 404 1302 atque
418 1264 585 1300 concedite,
599 1268 638 1292 ut
659 1264 752 1292 miser
770 1267 889 1302 portem
903 1264 937 1292 in
962 1264 1026 1292 loca
1052 1262 1235 1300 praescripta
1262 1262 1340 1290 hunc
1355 1262 1464 1298 vitam,
1479 1270 1567 1299 quam
1582 1260 1632 1289 ira

173 1308 330 1339 lenissima
346 1305 480 1335 Caesaris
494 1304 631 1334 indulsit.
676 1304 836 1343 Siquidem
849 1304 963 1344 cupitis
976 1314 1021 1334 me
1038 1303 1192 1333 exsolvere
1205 1312 1325 1341 poenmn
1340 1312 1401 1341 qua
1415 1303 1526 1340 dignus
1549 1311 1629 1339 sum,

169 1352 330 1391 peccatum
346 1356 444 1378 meum
460 1349 505 1377 est
522 1346 619 1377 levius
633 1350 743 1386 morte,
767 1347 832 1387 ipso
850 1346 968 1385 judice.
1014 1346 1051 1377 Si
1077 1346 1183 1376 Caesar
1199 1344 1269 1382 jum
1285 1344 1449 1384 cupivisset
1465 1353 1512 1374 me
1525 1344 1632 1374 detur-

788 1429 1025 1442 eeeeeeeeeee

177 1487 218 1515 53
248 1484 291 1515 Ve
306 1483 340 1515 in
355 1488 500 1524 utroque
517 1484 593 1515 loco
610 1483 763 1524 reposuit
779 1482 901 1514 Heius.
919 1493 982 1524 pro
1008 1484 1098 1524 vulg.
1112 1494 1178 1524 que.
1204 1483 1338 1514 Deinde
1355 1483 1421 1514 duo
1437 1485 1521 1514 vett.
1531 1480 1637 1520 ferro-

177 1537 234 1566 que
244 1527 390 1563 cadenti‚·
412 1526 501 1557 unde
518 1526 641 1558 Heius.
657 1527 748 1566 conj.
777 1527 934 1557 cadentis.-
959 1526 1081 1567 reliqui
1108 1526 1181 1557 fere
1196 1527 1366 1557 cadendum
1382 1535 1444 1566 pro
1459 1526 1634 1556 cadentum.

176 1573 261 1601 ——54
283 1569 324 1600 In
341 1569 493 1609 plurimis
505 1569 597 1599 solita
614 1579 675 1609 pro
690 1570 884 1600 solida.—55
909 1569 949 1599 In
964 1569 1109 1609 vulgatis
1129 1570 1174 1599 Et
1190 1570 1293 1600 mand.
1307 1569 1373 1599 suis
1387 1568 1490 1608 aliqua
1505 1570 1536 1598 et
1554 1576 1637 1606 sper.

177 1613 360 1652 sepulcrum.
384 1611 432 1642 At
456 1613 464 1627 ‘
478 1612 596 1652 scripti
613 1611 684 1642 fere
699 1621 828 1649 omnes,
844 1611 962 1651 aliquid
976 1621 1112 1651 sperare,
1124 1612 1193 1651 vel,
1207 1611 1323 1651 aliquid
1339 1614 1369 1641 et
1383 1619 1506 1650 sperare
1521 1619 1533 1646 ;
1553 1613 1637 1649 tres„

177 1655 310 1694 aliquod.
334 1654 550 1693 Combianus,
577 1655 688 1694 aliquo.
713 1654 808 1684 Unus
829 1654 1031 1694 Vaticanus,
1047 1655 1151 1694 aliq-ua
1171 1663 1295 1694 sperare
1312 1654 1461 1694 sepulcra.
1505 1651 1638 1692 Scribe,

181 1697 241 1727 Est
256 1697 401 1727 mandata
426 1697 490 1726 suis
509 1697 624 1736 aliquid
646 1706 769 1736 sperare
797 1697 957 1736 sepulcra.-
981 1696 1031 1727 ita
1052 1701 1089 1728 et
1104 1697 1245 1736 numeri,
1271 1696 1328 1736 qui
1345 1695 1499 1726 duriores
1527 1698 1636 1733 erant,

181 1738 386 1770 constabunt
403 1739 528 1777 versui,
554 1743 589 1769 et
616 1738 754 1769 sensus!
780 1739 892 1770 Heim.
916 1739 1038 1770 Metuo
1055 1743 1093 1769 ut
1117 1739 1215 1769 nimis
1242 1738 1353 1769 audax
1370 1738 1415 1768 sit
1431 1736 1638 1776 emendatio,

182 1791 259 1812 cum
275 1781 345 1812 sine
369 1782 493 1821 copula
505 1786 600 1812 recte
617 1781 782 1821 procedat
799 1790 931 1812 versus:
959 1782 1002 1812 Et
1016 1782 1162 1813 mandare
1177 1781 1242 1812 suis
1256 1780 1387 1820 aliquid,
1401 1789 1526 1819 sperare
1539 1779 1639 1819 sepul-

182 1834 246 1855 cra.
291 1824 353 1854 Est
369 1834 440 1862 non,
455 1825 506 1863 [γε.
529 1823 741 1854 Mandabant
759 1824 847 1854 enim
863 1833 929 1854 non
954 1827 1087 1855 tantum
1110 1824 1279 1864 sepulcra,
1304 1822 1364 1852 sed
1389 1822 1454 1852 alia
1472 1821 1637 1862 supremis

183 1866 335 1897 vocibus.
380 1866 445 1896 Vel
473 1872 587 1906 posset
618 1866 706 1906 legi:
732 1867 793 1896 Est
811 1866 930 1906 aliquid
949 1868 1096 1898 mandare
1123 1866 1200 1905 suz'S,
1227 1874 1351 1906 sperare
1374 1865 1546 1904 sepulcrum
1556 1873 1568 1900 ,·
1601 1866 1640 1894 ut

183 1910 329 1939 mandare
345 1909 497 1939 absolute
513 1914 656 1949 ponatur
670 1920 677 1939 :
702 1909 752 1939 ita
766 1908 895 1940 Justin.
911 1917 1014 1940 xxlv.
1035 1912 1068 1940 2.
1084 1909 1166 1939 licet
1183 1908 1247 1938 alio
1263 1917 1383 1937 sensu:
1410 1909 1417 1922 ‘
1435 1907 1556 1948 Itaque
1571 1914 1640 1936 non

186 1951 341 1982 credenti
365 1951 528 1981 mandat!
553 1952 751 1982 Burin-58
774 1951 918 1981 Plurimi
947 1951 1069 1991 scripti
1091 1955 1126 1981 et
1149 1950 1235 1982 Edd.
1261 1949 1334 1980 Huc
1358 1949 1426 1979 veh.
1449 1949 1511 1979 Be.
1528 1948 1639 1983 Hinc,-

188 1992 304 2023 Burm.
323 1994 413 2032 conj.
431 1994 515 2031 Hac,
541 1994 611 2024 scil.
628 1994 806 2024 navi.-—60
830 1994 893 2024 Be.
920 1993 1002 2024 turb.
1017 1996 1223 2024 manus.—61
1249 1992 1344 2022 Unus
1362 1991 1481 2021 Heins.
1504 1990 1560 2019 vit.
1574 1989 1640 2027 jus-

190 2034 312 2064 tissima
330 2035 453 2065 C.-—62
478 2036 576 2065 P.11d
600 2045 659 2074 pro
686 2036 741 2065 in:
766 2040 800 2065 et
825 2035 918 2066 Leid.
934 2035 967 2065 ‘in
989 2036 1011 2065 l.
1026 2035 1057 2072 j.
1084 2035 1304 2065 traham—63
1330 2033 1430 2071 Vulg.
1457 2031 1639 2070 legebatur

186 2075 223 2106 Si
238 2076 381 2115 quoniam
392 2077 490 2105 merui
503 2087 638 2115 poenam,
652 2087 700 2107 me
712 2078 839 2116 perdere
850 2088 878 2107 v.
892 2078 900 2092 ‘
915 2077 1055 2106 Pendere
1067 2086 1152 2106 unus
1164 2075 1339 2106 Mediceus
1352 2083 1413 2113 pro
1426 2072 1560 2104 diversa
1574 2074 1641 2105 lec-

189 2118 303 2155 tioue3
325 2117 675 2157 Rottendorphianus,
697 2119 856 2157 prendere.
903 2118 1080 2147 Praeterea
1105 2117 1203 2156 prim.
1230 2115 1337 2146 editio
1355 2119 1389 2145 et
1415 2115 1482 2145 duo
1509 2115 1642 2156 scripti,

186 2160 215 2190 si
231 2169 322 2199 quam
337 2160 490 2199 promerui
504 2170 514 2195 ,·
537 2169 608 2195 sex,
622 2160 650 2188 si
666 2169 778 2198 quoque
802 2168 892 2197 quom
907 2159 1004 2188 merui
1019 2170 1028 2193 ,·
1052 2159 1209 2197 totidem,
1224 2167 1406 2197 quamquam
1419 2158 1518 2188 merui
1530 2168 1541 2194 ‚·
1566 2161 1640 2198 opt.

191 2201 347 2233 Vatican.
371 2202 399 2231 si
426 2203 523 2231 merui
541 2210 661 2240 poenam
683 2210 876 2240 quanquam;
901 2200 980 2236 duo,
1007 2200 1081 2239 quia
1108 2209 1199 2239 quam
1224 2199 1347 2235 merui,·
1369 2199 1435 2229 alia
1462 2201 1642 2231 veterrima

189 2243 308 2282 editio,
323 2245 393 2284 quia
410 2244 585 2274 commerui.
629 2243 767 2274 Scribe:
793 2242 841 2280 Si,
863 2252 953 2281 quam
976 2242 1152 2280 commerui,
1173 2251 1295 2281 poenam
1309 2251 1356 2271 me
1380 2242 1511 2281 pendere
1535 2241 1642 2273 vultis.

189 2286 288 2317 Trist.
305 2295 343 2317 n.
358 2289 390 2316 4.
416 2288 423 2302 ‘
443 2288 492 2316 An
515 2287 605 2316 semel
621 2289 664 2316 est
690 2295 808 2325 poenam
825 2285 1032 2315 commeruisse
1055 2282 1201 2325 parum?
1223 2285 1231 2300 ‘
1250 2283 1408 2314 Pendere
1424 2283 1568 2324 poenam'
1592 2283 1642 2314 fa-

193 2328 330 2359 miliaris
346 2329 473 2358 locutio
506 2328 652 2365 Nasoni3
676 2328 765 2358 Fast.
782 2336 839 2357 111.
858 2330 930 2357 845.
957 2329 965 2343 ⁸
982 2326 1104 2367 capitis
1121 2336 1196 2368 quae
1214 2325 1364 2366 pendere
1381 2335 1496 2365 poenas
1519 2327 1572 2357 Ex
1584 2326 1642 2357 illo

188 2370 310 2410 jubeat
325 2369 418 2400 furta
436 2375 572 2409 reperta
588 2371 661 2400 loco
675 2369 694 2400 ι’
718 2375 821 2410 atque
836 2374 880 2400 tta
900 2369 1034 2408 passim.
1061 2369 1172 2400 Heius.
1209 2368 1246 2397 Si
1260 2367 1512 2407 quampromerui
1527 2368 1642 2399 nescio

195 2421 256 2443 cur
272 2421 338 2443 non
363 2421 459 2452 aeque
476 2412 561 2443 bene
577 2408 711 2443 dicatur
728 2422 766 2443 ac
783 2412 959 2451 commerui,
974 2421 1050 2443 cum
1076 2412 1112 2443 in
1127 2411 1247 2442 malam
1272 2419 1368 2451 aeque
1385 2413 1516 2450 partem
1537 2411 1547 2428 ⁴
1563 2418 1642 2452 pro-

842 2508 873 2538 N
880 2507 981 2538 OTAE

239 2585 280 2614 53
306 2580 403 2621 Fato]
429 2582 544 2613 Morte
557 2592 618 2613 sua
633 2582 788 2613 naturali.
948 2582 1052 2614 altum
1064 2580 1180 2613 mare.‘

240 2634 282 2663 59
310 2631 447 2671 Virides]
471 2631 560 2665 Quia
580 2631 691 2670 viridi,
714 2631 768 2662 vel
784 2630 896 2671 potius
991 2634 1033 2664 64
1054 2630 1182 2671 Judice]
1211 2630 1530 2674 Augusto‚scilicet.

199 2682 344 2715 coeruleo
376 2684 436 2714 aut
463 2681 584 2724 glauco
609 2682 722 2714 colore
750 2684 896 2725 apparet
