1773 3121
204 183 317 227 2158
686 194 726 224 P.
757 193 915 223 ovrou
947 192 1161 224 NAsours

205 289 350 341 Quem
369 292 430 339 tu,
454 289 573 331 Diva
591 301 767 338 memor,
790 289 843 330 de
863 301 975 342 pane
994 287 1229 328 monilibus
1250 298 1377 326 ornas
1395 299 1404 328 :
1424 297 1426 299 ’

261 357 416 399 Cessat
436 369 574 410 opus:
605 349 762 397 x'racuae
784 357 1032 397 conticuere
1051 355 1194 395 molae.

205 424 417 474 Nomine,
439 436 572 477 quam
591 425 728 477 pretio
751 424 1023 472 celebratior,
1045 435 1142 462 arce
1163 420 1394 469 Tonantis,

261 492 418 532 Dicam
439 491 627 531 Pistoris
649 490 756 544 quid
777 491 883 531 velit
901 482 979 530 ara.⁴
994 489 1022 529 J
1027 489 1137 530 ovis.
1173 526 1179 528 .
1566 484 1652 528 35θ

203 559 359 600 Cincta
379 559 684 611 premebantur
703 558 897 599 trucibus
915 556 1132 609 Capitolia
1153 554 1294 595 Gallis
1312 566 1321 594 :

261 625 441 666 Fecerat
460 625 632 666 obsidio
646 626 740 679 jam
761 625 960 666 diuturna
978 623 1153 663 famem.

201 691 377 745 Jupiter
397 692 453 732 ad
473 693 627 733 solium
650 693 828 745 Superis
849 692 991 742 regale
1016 689 1199 737 vocatis,

260 759 429 811 Incipe,
451 759 513 799 ait
533 758 681 798 Marti.
742 758 950 797 Protinus
968 758 1041 796 ille
1063 755 1214 796 refert:

202 825 381 866 Scilicet
400 826 594 877 ignotum
615 828 697 872 est,
718 836 820 876 quae
841 823 897 863 sit
915 822 1084 862 fortuna
1105 834 1315 871 meorum,
1567 819 1655 860 355

259 891 318 931 Et
339 890 462 931 dolor
482 890 553 930 hic
575 890 706 930 animi
726 902 836 930 voce
857 887 1074 942 querentis
1095 888 1222 940 eget?

201 958 251 999 Si
273 963 430 1008 tamen,
447 962 495 998 ut
513 957 694 997 referam
715 957 902 997 breviter
920 956 1035 996 mala
1048 957 1203 1010 juncta
1224 953 1398 1007 pudori,

260 1024 415 1077 Exigis
433 1038 443 1065 z
475 1023 643 1077 Alpino
667 1023 813 1064 Roma
834 1024 915 1064 sub
937 1024 1062 1064 hoste
1076 1023 1208 1076 jacet.

201 1158 263 1189 mul
293 1157 429 1196 Priap0;
450 1155 619 1196 praebemus
634 1155 717 1193 focis
742 1157 861 1187 viscera
876 1156 983 1186 idonea
998 1154 1077 1186 asini
1093 1153 1213 1184 indicis.
1261 1153 1359 1188 Quem
1384 1156 1418 1183 tu
1440 1152 1527 1184 Diva
1545 1161 1656 1193 nequa-

202 1209 292 1240 quam
306 1199 432 1238 ingrata
447 1200 571 1229 decoras
586 1198 749 1228 monilibus
762 1200 799 1228 de
813 1208 900 1237 pane.
947 1198 1032 1236 Opus
1049 1196 1287 1227 intermittitur:
1311 1197 1398 1226 moloe
1413 1195 1528 1226 inertes
1541 1195 1658 1235 requie-

201 1244 321 1272 verunt.
365 1240 513 1278 Referam
526 1241 599 1280 quid
613 1240 729 1270 indicet
743 1241 840 1270 altare
853 1239 941 1270 Jovis
963 1238 1101 1269 Pistoris
1117 1238 1149 1267 in
1169 1247 1238 1267 arce
1262 1237 1421 1274 Tonantis,
1437 1238 1590 1275 insignius
1604 1247 1657 1267 no-

201 1285 282 1315 mine
311 1293 401 1322 quam
427 1283 538 1322 pretio.
586 1282 744 1320 Capitolia
767 1284 855 1320 septa
873 1281 957 1318 seris
981 1280 1083 1310 Gallis
1107 1280 1317 1317 urgebantur-.-
1341 1278 1455 1309 obsidio
1477 1280 1568 1317 longa
1585 1279 1656 1317 jam

201 1329 359 1357 creaverat
373 1324 518 1364 inopiam.
562 1325 700 1362 Jupiter,
718 1323 899 1353 Coelestibus
913 1322 1019 1352 citatis
1041 1323 1081 1351 ad
1102 1322 1212 1351 solium
1227 1321 1358 1359 regium,
1379 1321 1440 1350 Fac
1459 1321 1594 1359 initium,
1610 1322 1657 1351 in-

203 1368 269 1408 quit
284 1368 408 1397 Marti:
431 1366 573 1395 continuo
600 1365 652 1395 ille
679 1365 802 1395 reddit.-
827 1364 986 1394 Nimirum
1015 1364 1164 1392 incertum
1191 1366 1250 1399 est,
1275 1371 1341 1400 quae
1368 1362 1410 1391 sit
1425 1372 1490 1392 sors
1511 1372 1658 1402 meorum,

201 1413 290 1449 atque
316 1409 365 1439 hic
389 1409 488 1438 lactus
513 1407 609 1437 animi
634 1416 708 1446 opus
730 1406 820 1436 habet
847 1416 916 1436 voce
942 1405 1083 1435 dolentis.
1129 1403 1165 1433 Si
1181 1407 1283 1434 tamen
1297 1403 1431 1443 requiris
1445 1407 1480 1434 ut
1495 1413 1656 1435 memorem

199 1452 307 1492 paucis
322 1451 401 1481 mala
408 1450 519 1488 juncta
531 1449 680 1489 dedecori,
698 1449 797 1479 Roma
808 1448 945 1489 protrita
959 1450 1002 1478 est
1016 1446 1070 1477 sub
1085 1446 1168 1477 hoste
1180 1446 1307 1486 Alpino.
1354 1445 1434 1476 Ηιεο
1451 1448 1507 1486 est,
1518 1446 1658 1486 Jupiter,

811 1540 1045 1553 eeeeeeeeeeee

203 1610 387 1650 Lampsacos
403 1609 576 1639 nonnulli:
602 1612 638 1640 et
654 1608 809 1649 sequenti
837 1617 948 1645 versu,
975 1609 1060 1647 Apta
1075 1607 1169 1646 asini,
1185 1616 1246 1647 pro
1270 1607 1356 1638 Hinc
1380 1607 1473 1646 asini,
1498 1606 1656 1637 meliores

205 1661 330 1684 omnes.
374 1651 441 1682 Sed
456 1656 624 1682 emunctae
652 1652 742 1682 naris
766 1651 908 1692 quilibet
928 1649 1029 1680 facile
1056 1649 1219 1681 odoretur
1244 1650 1308 1680 hoc
1334 1649 1503 1680 distichon
1529 1649 1572 1679 ab
1599 1648 1658 1679 ali-

206 1705 271 1736 quo
287 1694 419 1726 homine
448 1694 535 1724 male
553 1693 675 1724 feriato
692 1694 745 1724 hic
762 1698 889 1733 praeter
915 1702 986 1723 rem
1011 1702 1084 1724 esse
1112 1693 1331 1729 inculcatum,
1356 1696 1394 1722 ut
1420 1696 1456 1722 et
1483 1690 1562 1722 alibi
1589 1699 1656 1721 nou

205 1747 281 1768 raro
307 1736 447 1768 factum.
472 1736 585 1767 Heius.
610 1737 711 1767 Forte
737 1736 785 1767 ita
801 1735 957 1767 refictum
985 1739 1099 1775 posset
1116 1735 1277 1766 retineri:
1303 1735 1486 1775 Lampsacos
1501 1734 1571 1764 hinc
1585 1743 1616 1764 a.
1632 1742 1659 1764 s.

204 1779 258 1810 hoc
274 1789 315 1812 m.
332 1780 373 1810 P.
391 1779 478 1809 Hinc
504 1779 583 1809 asim·
598 1779 749 1819 flammis,
774 1781 827 1816 &a
861 1778 931 1808 hinc
954 1778 1035 1809 asini
1059 1781 1112 1808 est
1129 1777 1162 1808 in
1180 1777 1326 1808 Putean.
1343 1777 1476 1808 Sarrav.
1493 1781 1528 1807 et
1543 1775 1658 1806 multis

204 1821 432 1853 editionibusz
457 1821 483 1851 si
500 1821 588 1851 euim
606 1822 782 1852 omittatur
799 1820 982 1859 distichon,
1000 1830 1066 1861 qno
1084 1819 1210 1851 referas
1227 1820 1414 1860 sequentia,
1433 1819 1532 1854 Quem
1545 1821 1590 1856 tu,
1605 1819 1659 1858 ὅγε.

204 1874 270 1895 non
288 1864 385 1894 video
401 1874 408 1901 3
436 1873 511 1893 nam
527 1864 579 1894 ille
596 1863 795 1904 praecedens
817 1864 980 1900 Silenum,
998 1867 1033 1893 ut
1055 1867 1150 1902 puto,
1175 1862 1337 1902 respicit:
1363 1871 1437 1891 nain
1454 1860 1577 1899 infestae
1588 1869 1657 1890 ma-

203 1916 266 1937 nus
284 1906 448 1946 petebant
464 1906 626 1944 Silenum,
642 1916 707 1936 non
733 1906 872 1936 asinum.
901 1906 1119 1936 Burni—350
1143 1905 1256 1935 Dicam
1273 1904 1407 1934 Pistoris
1422 1904 1558 1944 quidam
1573 1906 1658 1933 vett.

202 1949 341 1987 habent,
357 1957 438 1988 quos
455 1949 606 1988 sequitur
623 1949 738 1979 Burm.
761 1950 770 1965 ‘
792 1948 883 1978 Libri
901 1953 1048 1984 veteres,
1064 1947 1184 1977 discant
1198 1946 1342 1986 pistores,
1370 1946 1422 1976 vel
1437 1946 1552 1976 dicant.
1577 1943 1658 1976 Qui-

205 1990 282 2020 dam
299 1990 415 2028 etiam,
431 1991 550 2020 discant
563 1991 697 2029 pistoris.
722 1992 827 2030 Lego,
844 1990 906 2020 Dic
920 1990 1002 2028 jam,
1017 1990 1069 2019 vel
1085 1989 1218 2019 discite.y
1255 1989 1480 2019 Heius—351
1505 1988 1604 2017 Voss.
1621 1990 1658 2016 et

204 2032 267 2062 Be.
287 2033 406 2062 Cuncta
421 2035 623 2070 prem—352
649 2033 810 2072 Excerpt.
827 2033 871 2063 D.
894 2032 935 2062 P.
953 2037 989 2061 et
1005 2032 1092 2062 Mor.
1119 2040 1190 2061 nam
1207 2040 1266 2069 pro
1283 2031 1468 2068 jam—355
1495 2029 1562 2058 Pro
1578 2038 1656 2058 meo-

203 2083 272 2104 rum
287 2073 404 2112 scripti
431 2073 566 2112 plurimi
590 2075 764 2104 malorum.-
795 2084 878 2104 nnus
903 2074 1062 2108 Deorum
1094 2073 1178 2102 alius
1204 2073 1342 2106 viarum3
1367 2071 1487 2100 tertius
1512 2071 1656 2101 locorum.

205 2116 214 2132 ‘
234 2115 273 2145 In
296 2115 570 2146 Francofurtensi
595 2121 669 2146 erat
694 2125 752 2155 pro
778 2115 872 2145 varia
899 2115 1058 2151 lectione,
1087 2115 1155 2148 Quo
1178 2114 1220 2143 sit
1245 2114 1384 2142 Romana
1399 2113 1460 2142 loco
1475 2122 1539 2143 res:
1565 2112 1656 2152 quod

206 2157 296 2188 unde
313 2157 446 2187 venerit
467 2157 594 2187 nescio.
638 2156 692 2187 An
710 2157 835 2187 dictum
865 2161 903 2186 ut
933 2156 1014 2185 illud
1041 2164 1059 2185 a
1081 2155 1225 2194 Virgilio
1242 2155 1315 2184 AEn.
1333 2164 1373 2184 11.
1389 2157 1462 2185 322.
1486 2156 1495 2171 ‘
1510 2155 1586 2187 Quo
1602 2163 1656 2185 res

205 2208 334 2230 summa
348 2199 423 2229 loco
438 2198 457 2228 ε’
474 2200 657 2230 εῐΤειέῃῐ.
674 2198 773 2230 Adel.
791 2208 846 2229 ιιι.
861 2201 891 2228 2.
909 2200 960 2228 46.
983 2199 993 2214 ‘
1008 2197 1130 2237 Pejore
1145 2206 1198 2227 res
1215 2196 1288 2227 loco
1303 2206 1369 2227 non
1388 2197 1475 2236 potis
1489 2201 1541 2227 est
1557 2195 1656 2227 esse?

206 2246 241 2272 et
253 2242 301 2272 ita
318 2241 384 2272 alii.
408 2243 416 2258 ‘
433 2241 498 2271 Res
516 2241 677 2272 Romana'
693 2242 795 2272 etiarn
811 2240 898 2271 infra
915 2240 1063 2270 occurrit
1081 2248 1127 2270 vs.
1143 2242 1218 2270 433.
1237 2243 1271 2269 et
1290 2239 1368 2269 alibi
1381 2239 1522 2269 centies.
1541 2240 1655 2269 Bur-m.

205 2286 309 2315 -357
334 2283 412 2314 Pet.
434 2282 493 2321 ref.
524 2284 646 2324 pariter
672 2284 852 2314 mab-358
876 2283 965 2314 Maz.
994 2282 1078 2312 hoste
1093 2281 1185 2320 fuit.-
1210 2281 1328 2313 Heius.
1359 2281 1446 2322 conj.
1470 2281 1656 2312 ruth—359

861 2384 1000 2416 NOTAE

248 2470 312 2500 349
338 2468 419 2498 Arce
447 2468 610 2509 Tonantis]
651 2469 691 2499 In
723 2467 901 2509 Capitolio.
1000 2466 1152 2506 356Hic]
1170 2466 1542 2498 Meus.Querimoniam
1553 2464 1657 2497 habet

208 2518 367 2550 Ceterum
384 2517 425 2548 ad
441 2518 557 2547 Vestae
583 2527 679 2548 sacra
702 2528 820 2557 parum
845 2520 904 2548 aut
956 2518 1029 2548 h‘aec
1043 2517 1165 2548 Irouia.

207 2568 288 2598 nihil
302 2571 460 2607 spectant
474 2577 550 2608 quae
568 2568 706 2608 subjicit
722 2568 826 2598 Naso.
1000 2569 1064 2597 357-
1084 2565 1218 2605 Pudori]
1256 2565 1411 2606 Namque
1442 2566 1550 2605 Mars,
1573 2563 1654 2596 belli

249 2619 310 2647 351
352 2616 515 2657 Trucihus]
568 2617 674 2648 Saevis
707 2618 903 2649 Senonibus.
958 2617 1064 2655 Deus,
1084 2616 1151 2646 suis
1168 2625 1266 2655 opem
1282 2615 1372 2646 ferre
1389 2615 1575 2647 debuisset.

206 2667 334 2699 Verum
350 2670 431 2698 nota
446 2666 518 2698 haec
535 2667 686 2699 omnibus
703 2676 746 2699 ex
759 2667 905 2700 Histori-
999 2668 1062 2697 358
1086 2665 1215 2706 Alpino]
1241 2666 1292 2697 Ex
1309 2664 1454 2707 Alpibus
1471 2669 1558 2697 orto.

206 2726 254 2749 cls
