1773 3121
255 224 369 265 2052
742 235 785 264 P.
817 234 976 264 ovim!
1011 233 1228 264 NASONIS

256 330 373 370 Nam
396 329 525 370 modo
545 328 778 380 thurilegos
798 328 987 380 Arabas,
1004 330 1136 370 modo
1158 329 1353 382 despicit
1374 329 1509 370 Indos
1526 343 1536 370 :

314 397 434 437 Hinc
457 397 609 448 Libys,
631 397 730 438 hinc
754 396 920 446 Meroe,
943 398 1147 450 siccaque
1168 401 1278 437 terra
1299 397 1467 436 subest.
1625 396 1709 437 570

255 464 387 505 Nunc
407 464 499 504 adit
520 463 781 517 Hesperios,
803 462 1021 514 Rhenum,
1046 464 1410 516 Rhodanumque,
1429 462 1708 517 Padumque,

309 531 464 583 Teque
484 530 628 571 future
650 544 822 584 parens,
843 531 1025 585 Thybri,
1047 531 1237 584 potentis
1260 543 1404 584 aquae.

256 596 359 646 Quo
380 597 523 638 feror?
556 597 816 638 immensum
837 603 904 638 est
925 602 1088 639 erratas
1109 597 1253 638 dicere
1276 602 1408 639 terras
1426 611 1434 639 :

311 664 569 705 Praeteritus
592 664 739 705 Cereri
764 665 910 705 nullus
930 666 974 705 in
995 666 1098 705 orbe
1120 665 1261 705 locus.

254 730 383 772 Errat
401 734 442 771 et
461 732 506 771 in
528 732 668 772 coelo:
699 731 940 784 liquidique
962 733 1169 772 immunia
1190 732 1312 784 ponti
1625 731 1711 773 575

310 797 561 850 Alloquitur
581 798 726 850 gelido
748 799 954 850 proxima
975 799 1102 849 signa
1121 800 1242 851 polo.

254 864 542 904 Parrhasides
565 865 719 913 stellae,
749 864 960 917 (namque
983 866 1128 905 omnia
1146 878 1274 905 nosse
1292 867 1495 919 potestis,

311 931 563 983 [Equoreas
584 944 809 983 nunquam
832 944 931 970 cum
952 931 1147 971 subeatis
1170 930 1351 984 aquas,)

254 997 577 1050 Persephonem
596 998 770 1038 miserae
791 1003 941 1039 natam
961 1002 1199 1039 monstrate
1219 998 1405 1051 parenti.

311 1064 512 1105 Dixerat.
560 1064 679 1105 Huic
700 1064 863 1106 Helice
886 1065 992 1106 talia
1012 1065 1148 1105 verba
1168 1065 1296 1106 refert
1314 1078 1324 1106 ς
1627 1064 1711 1106 580

255 1131 446 1172 Crimine
465 1144 557 1171 nox
576 1144 721 1172 vacua
739 1135 819 1173 est.
866 1131 1015 1172 Solem
1036 1131 1091 1172 de
1113 1131 1280 1184 virgine
1301 1134 1431 1185 rapta

311 1197 519 1247 Consule,
541 1199 615 1251 qui
636 1199 723 1239 late
744 1198 861 1239 facta
882 1199 1037 1238 diurna
1056 1198 1190 1239 videt.

255 1265 333 1305 Sol
353 1265 516 1314 aditus,
540 1264 683 1315 Quam
710 1266 883 1318 quoeris,
905 1265 979 1315 ait,
1001 1278 1052 1305 ne
1072 1278 1182 1305 vana
1201 1266 1392 1315 labores,

312 1331 465 1385 Nupta
484 1331 512 1371 J
517 1332 614 1372 ovis
634 1332 756 1372 fratri
779 1334 904 1372 tertia
924 1345 1055 1384 regna
1075 1336 1206 1373 tenet.

254 1452 407 1480 divorsum
422 1451 506 1480 locis.
554 1451 697 1490 Namque
713 1460 792 1481 nunc
808 1461 847 1481 ear
870 1451 933 1481 alto
957 1450 1041 1481 ridet
1061 1450 1183 1481 Arabas
1198 1450 1382 1489 thurilegos,
1408 1460 1488 1481 nune
1504 1450 1617 1482 Indos:
1640 1451 1712 1483 hinc

255 1493 361 1532 Libys,
378 1493 449 1523 hinc
477 1493 595 1531 ZlIero'e‘,
618 1497 646 1522 et
671 1494 759 1523 tellus
781 1494 871 1523 arida
896 1493 1007 1523 subest.
1055 1493 1148 1523 Modo
1164 1493 1280 1523 accedit
1300 1494 1339 1523 ad
1357 1493 1536 1532 Hesperios,
1560 1494 1713 1531 Rhenum,

254 1535 510 1575 Rhodanumque,
529 1536 720 1575 Padumque,
735 1539 833 1575 teque,
853 1535 980 1576 Thybri,
989 1535 1102 1572 future
1116 1545 1228 1574 parens
1240 1545 1326 1575 aquoe
1337 1535 1482 1574 potentis.
1531 1535 1598 1570 Quo
1612 1534 1713 1567 abeo?

256 1576 419 1617 Iqfinitum
435 1582 477 1608 est
493 1577 611 1614 referre
626 1581 726 1608 terras
740 1580 908 1608 lustratas:
932 1577 1031 1608 nullus
1059 1579 1140 1608 Iocus
1163 1579 1196 1609 in
1217 1579 1286 1608 orbe
1302 1579 1429 1608 omissus
1443 1588 1462 1607 a
1480 1578 1602 1609 Cerere.
1651 1578 1712 1609 Va-

252 1624 348 1657 gatur
359 1630 473 1659 quoque
488 1620 521 1649 in
536 1622 618 1658 coelo,
633 1624 724 1660 atque
739 1621 898 1660 compellat
914 1620 1017 1650 sidera
1024 1620 1135 1657 juncta
1151 1621 1205 1651 axi
1212 1620 1349 1660 frigido,
1362 1620 1480 1650 intacta
1500 1621 1579 1650 mari
1595 1620 1711 1661 flitidO.

254 1662 363 1692 Seelloe
378 1663 598 1701 Parrhasides,
619 1663 768 1694 ostendite
784 1663 902 1701 infelici
918 1663 1011 1693 matri
1026 1663 1132 1702 filiam
1165 1663 1396 1702 Proserpinam,
1423 1673 1550 1702 namque
1572 1663 1645 1693 licet
1661 1673 1712 1693 vo·

255 1704 301 1734 bis
329 1704 431 1734 omnia
452 1715 549 1744 nosse,
573 1715 641 1735 cum
668 1715 819 1745 nunquam
843 1705 1034 1735 descendatis
1053 1705 1085 1735 in
1102 1715 1197 1744 aquas
1210 1707 1355 1736 marinas.
1379 1705 1573 1735 Absolverat.
1603 1705 1712 1736 Helice

254 1747 326 1776 huic
341 1747 442 1776 reddit
459 1748 630 1785 hujusmodi
646 1758 749 1778 voces:
776 1748 848 1778 Nox
863 1751 907 1777 est
923 1748 1035 1778 insons.
1083 1748 1211 1778 Consule
1226 1749 1263 1778 de
1286 1748 1385 1787 puella
1405 1747 1507 1778 ablata
1530 1747 1643 1785 Solem,
1659 1747 1712 1786 qui

254 1788 316 1820 lale
335 1789 485 1829 conspicit
499 1791 591 1828 facta
607 1791 731 1829 diurna,
754 1790 807 1820 Sol
830 1791 996 1829 consultus,
1021 1790 1123 1825 Quam
1138 1790 1262 1830 quceris,
1278 1790 1392 1830 inquit,
1406 1793 1502 1830 nupta
1508 1789 1612 1827 fratri
1623 1789 1715 1820 Jovis

865 1884 1100 1895 eeeeeeeeeeee

256 1938 318 1966 568
344 1936 399 1967 Fr.
418 1937 592 1975 Dioisumq.
610 1939 774 1969 loa—569
797 1939 861 1968 Be.
885 1938 1054 1976 thurileges
1072 1938 1114 1969 A.
1138 1942 1172 1969 et
1191 1939 1292 1969 Voqs.
1317 1940 1397 1969 mod.
1424 1938 1548 1978 respicit
1574 1938 1709 1969 I.-570

256 1977 344 2008 Aliae
364 1979 450 2009 Edd.
467 1980 553 2010 Hinc
569 1980 657 2018 Libs,
681 1981 734 2010 vel
761 1981 852 2020 Lybs.
878 1981 920 2012 V.
946 1981 1056 2021 Libye.
1081 1981 1165 2011 Mox
1181 1982 1277 2011 Voss.
1295 1986 1329 2010 et
1345 1984 1489 2021 quatuor
1504 1980 1559 2011 alii
1576 1980 1710 2011 Moroe's.

255 2023 360 2050 —575
386 2022 440 2051 Fr.
457 2022 568 2060 liquidi.
584 2032 698 2061 quoque
712 2024 836 2053 numina
846 2023 1055 2062 ponti—577
1081 2024 1160 2053 Pet.
1176 2022 1351 2059 ommferre
1364 2025 1427 2062 pot.
1441 2023 1571 2053 Thuan.
1588 2026 1624 2053 et
1639 2028 1709 2053 tres

255 2061 313 2091 alii
329 2063 428 2092 scire:
456 2064 507 2094 Fr.
520 2074 630 2102 posse;
654 2069 688 2094 et
704 2074 787 2094 nosse
803 2074 864 2104 pro
888 2074 958 2096 var.
974 2065 1164 2096 lect-*582
1187 2065 1266 2096 Pat.
1282 2065 1338 2096 lat.
1360 2065 1451 2103 signa
1466 2064 1510 2096 di.
1526 2068 1562 2095 et
1578 2065 1710 2096 Bonon.

914 2174 1053 2205 NOTAE

299 2252 362 2280 568
376 2249 465 2289 Alta]
491 2250 627 2289 Quippe
641 2260 702 2290 per
719 2250 831 2280 aerem
845 2254 956 2281 vecta.
1052 2252 1115 2281 576
1132 2248 1249 2289 Signa]
1264 2250 1399 2288 Ursam,
1416 2249 1562 2288 scilicet,
1578 2259 1651 2290 quae
1666 2259 1709 2280 ex

300 2302 363 2329 570
386 2299 496 2339 Libys]
521 2299 638 2339 Libyae
657 2300 812 2340 populus.
1009 2300 1194 2331 Parrhasia
1217 2310 1276 2331 seu
1300 2299 1458 2339 Arcadia,
1473 2309 1548 2331 cum
1567 2300 1709 2332 Callisto

302 2350 427 2389 Meroe]
457 2351 543 2383 Quae
557 2351 633 2381 urbs
651 2350 684 2380 in
700 2351 769 2382 Nili
784 2354 836 2382 est
851 2350 957 2382 insula
1010 2356 1112 2389 esset,
1124 2356 1220 2389 orta3
1244 2350 1277 2381 in
1293 2350 1413 2381 cml-um
1430 2359 1509 2381 vero
1525 2350 1709 2388 translata;

261 2399 379 2430 eodem
397 2400 539 2431 nomine.
1010 2401 1088 2442 quia
1114 2410 1219 2441 prope
1237 2401 1361 2441 polum,
1377 2409 1512 2441 aequore
1536 2409 1708 2440 nunquam

303 2449 407 2489 Sicca]
436 2450 606 2490 AEthiopia
622 2455 685 2482 est.
1010 2452 1116 2492 mergi
1134 2450 1280 2481 videtur.

303 2502 363 2530 571
383 2500 563 2540 Hespcrios]
593 2502 659 2532 Eos
673 2502 727 2542 qui
745 2501 786 2532 ad
801 2511 956 2532 occasum
1052 2505 1115 2533 580
1140 2500 1265 2540 Helice]
1306 2499 1392 2531 Quae
1419 2498 1509 2528 Ursa
1529 2498 1649 2538 major,
1664 2498 1707 2529 de

261 2556 339 2583 sunt
375 2552 536 2591 porrecti,
581 2551 752 2592 Hispanos
796 2557 880 2592 puta
922 2557 957 2582 et
1011 2561 1076 2591 qua
1092 2550 1205 2581 toties.

262 2601 378 2632 Italos
1047 2603 1107 2630 581
1122 2599 1211 2638 Nox]
1223 2598 1322 2639 Cujus
1335 2602 1486 2638 tempore
1501 2598 1710 2639 Proserpina

306 2650 441 2690 Padum]
456 2650 956 2691 QuiperCisalpinamGaniam
1011 2654 1110 2690 rapta
1134 2660 1152 2680 a
1179 2650 1326 2680 Plutone
1351 2658 1415 2679 non
1439 2648 1518 2690 fuit,
1542 2654 1580 2680 ut
1602 2650 1708 2681 Ceres

262 2700 401 2732 labitur.
445 2701 489 2731 Le
508 2700 562 2731 Po.
1012 2700 1260 2740 suspicabatur.

305 2753 367 2781 572
394 2750 548 2791 Patentis]
573 2751 719 2794 Propter
735 2751 879 2783 Romam
895 2751 958 2782 Ur·
1056 2752 1118 2780 584
1144 2749 1267 2790 Fratri]
1302 2748 1388 2790 Diti,
1402 2749 1545 2791 scilicet,
1557 2759 1615 2781 seu
1626 2749 1708 2782 Plu-

264 2802 356 2834 bium
373 2802 533 2843 reginam.
1014 2801 1099 2832 toni.
