1773 3121
551 205 792 236 'rms'rmm
826 205 920 236 [AB.
952 205 981 236 1.
1011 196 1054 237 4.

566 453 881 503 ELEGIA
937 455 1028 503 lv.

622 616 980 648 ARGUMENTUM.

71 700 159 734 Ssssn
174 701 259 734 dicit
274 700 387 734 Poeta
410 700 492 732 mari
521 700 660 733 tandem
687 702 938 742 concreditum,
960 705 1158 743 tantamque
1181 701 1214 733 in
1234 702 1332 734 Ionio
1347 703 1433 735 mari
1450 707 1536 735 tem-

114 759 282 797 pestatem
299 758 462 795 coortam,
476 758 514 786 ut
526 754 592 796 ipsi
607 755 709 786 etiam
724 760 837 786 nautae
854 756 999 786 salutem
1016 764 1109 786 suam
1123 755 1392 796 desperaverint.

71 838 340 899 Tmcrrua
363 857 542 899 Oceano
563 861 713 898 custos
735 855 1077 911 Erymanthidos
1098 856 1245 908 Ursae,

130 924 473 979 AEquoreasque
494 938 574 966 suo
597 925 740 966 sidere
764 925 908 966 turbat
927 937 1063 978 aquas
1080 938 1090 965 z

75 989 176 1033 Nos
199 996 342 1034 tamen
359 993 534 1034 Ionium
551 1006 641 1034 non
661 996 813 1034 nostra
833 991 1038 1033 findimus
1062 1004 1213 1046 aequor

134 1058 300 1114 Sponte
318 1075 327 1101 :
360 1060 435 1100 sed
455 1060 646 1101 audaces
668 1061 865 1113 cogimur
884 1072 982 1100 esse
1002 1062 1134 1100 metu.

77 1124 155 1167 Me
174 1128 393 1178 miserum,
416 1129 591 1182 quantis
613 1129 861 1168 increscunt
882 1139 1062 1181 aequora
1082 1126 1222 1168 ventis
1241 1139 1252 1177 ;
1511 1126 1540 1168 5

135 1193 363 1249 Emtaque
380 1208 437 1235 ex
456 1194 557 1236 imis
577 1195 716 1235 fervet
736 1206 869 1234 arena
888 1193 1014 1234 vadis
1033 1194 1041 1232 !

122 1311 236 1343 Custos
255 1311 345 1342 Ursoe
371 1310 614 1351 Erymanthidos
639 1311 793 1350 mergitur
812 1311 944 1346 Oceano,
960 1313 991 1340 et
1007 1309 1067 1340 ciet
1084 1319 1180 1350 aquas
1194 1310 1333 1340 marinas
1347 1319 1401 1341 suo
1415 1309 1517 1342 sidere
1528 1321 1541 1343 .·

77 1356 249 1385 nontamen
271 1354 422 1384 sulcamus
447 1362 530 1384 nmre
557 1353 680 1383 Ionium
708 1363 768 1383 non
791 1353 885 1392 ultro,
911 1353 964 1384 sed
990 1352 1129 1391 cogimur
1155 1361 1219 1383 esse
1244 1353 1393 1383 audentes
1417 1353 1540 1384 timore.

78 1396 135 1428 Me
149 1394 303 1434 infelicem
312 1406 323 1432 ;
348 1405 438 1436 quam
454 1395 680 1427 vehementibus
705 1396 805 1426 tentis
831 1395 931 1426 maria
947 1396 1112 1434 tolluntur,
1129 1398 1159 1426 et
1172 1395 1281 1434 glarea
1297 1395 1406 1426 educta
1421 1405 1461 1426 ex
1471 1404 1542 1436 pro-

689 1477 923 1489 eeeeeeeeeeee

121 1531 312 1564 Turbatam
345 1532 539 1574 Elegiarum
568 1534 720 1565 ordinem
747 1542 821 1564 esse
854 1531 954 1563 facile
982 1537 1146 1573 apparet:
1184 1542 1261 1564 nam
1290 1542 1365 1564 cnm
1400 1532 1541 1573 primam

80 1574 236 1617 Elegiam
264 1579 301 1607 ut
324 1574 566 1616 praefationem
591 1576 825 1617 praemisisset,
851 1576 947 1616 sequi
972 1575 1118 1607 decebat
1143 1585 1228 1614 eam,
1255 1585 1329 1616 quae
1360 1585 1448 1607 nunc
1472 1580 1541 1606 ter-

82 1617 130 1649 tia
158 1622 224 1656 est,
253 1627 328 1659 quae
357 1618 510 1649 ultimam
543 1619 576 1649 in
607 1619 691 1650 urbe
722 1623 870 1656 noctem,
899 1623 934 1649 et
965 1628 1040 1659 quae
1074 1627 1113 1649 ea
1143 1624 1237 1657 gesta
1279 1622 1372 1658 sunt,
1401 1621 1540 1655 narret;

81 1659 206 1691 deinde
243 1661 428 1691 succedere
460 1660 611 1693 debebat
645 1662 730 1701 haec,
764 1660 975 1701 ‘Tingitur‚'
1007 1664 1072 1691 &m
1112 1671 1186 1702 quae
1219 1666 1335 1692 narrat
1360 1660 1442 1702 quid
1477 1659 1546 1700 pri·

80 1712 170 1734 mum
197 1703 361 1734 acciderit
385 1708 566 1744 postquam
589 1713 710 1735 navem
738 1703 991 1742 conscenderit,
1016 1708 1054 1734 ut
1081 1704 1191 1734 ventis
1214 1703 1364 1734 adversis
1388 1703 1424 1734 in
1447 1703 1544 1733 littus

80 1744 240 1777 Italicum
254 1746 407 1786 rejectus
423 1745 528 1777 fuerit
546 1757 552 1777 :
579 1752 615 1778 et
631 1751 714 1778 tunc
731 1746 827 1788 sequi
842 1745 1001 1785 debebat,
1017 1755 1091 1787 quae
1109 1755 1197 1777 nunc
1216 1745 1367 1776 secunda
1384 1749 1452 1784 est,
1473 1746 1482 1760 ‘
1497 1744 1547 1776 Di

81 1789 185 1819 marin
201 1793 237 1819 et
254 1788 378 1827 terrae,’
401 1798 476 1829 qnae
503 1794 755 1829 tempestatem,
773 1798 840 1830 qua
861 1789 1012 1829 jactatus
1028 1788 1104 1827 fuit,
1121 1788 1288 1819 describit
1310 1786 1547 1819 miserabiliori

82 1830 245 1871 carmine,
261 1841 360 1873 quam
376 1835 416 1862 nt
430 1831 619 1863 verosimile
637 1832 681 1862 sit
697 1832 731 1862 in
753 1831 829 1862 navi
847 1836 918 1862 tam
933 1836 1093 1872 quassata
1109 1831 1151 1862 de
1167 1841 1208 1862 ea
1225 1830 1382 1862 facienda
1397 1829 1548 1870 potuisse

83 1872 250 1913 cogitare,
265 1874 327 1904 nisi
354 1873 527 1905 Nasonem
544 1875 714 1915 Eumolpo
737 1874 945 1905 Petroniano
972 1874 1114 1905 similem
1140 1873 1317 1914 fingamus,
1333 1873 1388 1904 cni
1404 1872 1548 1903 vacabat

83 1915 117 1946 in
137 1916 260 1946 vicinia
277 1916 396 1947 mortis
409 1926 525 1948 versus
540 1915 667 1948 facere.
712 1916 782 1947 Pro
799 1917 945 1956 tingitur,
960 1917 1114 1955 mergitur
1128 1921 1201 1947 erat
1218 1916 1251 1947 iu
1265 1916 1406 1946 duobus.
1432 1915 1549 1946 Burm.

84 1960 147 1989 —3
171 1958 213 1990 P.
230 1962 266 1989 et
282 1958 392 1989 Servii
406 1962 506 1989 nostr.
533 1959 700 1990 scindimus
719 1963 840 1999 aeq.-5
867 1959 1044 1989 Increscunt
1068 1969 1108 1990 ex
1137 1958 1250 1990 multis
1278 1963 1363 1990 vett.
1397 1956 1550 1998 reposuit

83 1999 205 2032 Heius.
223 2010 285 2042 pro
301 2002 392 2041 vulg.
408 2002 588 2041 nigrescunt
599 2013 609 2033 .·
629 2002 685 2032 alii
701 2002 890 2041 crebescunt,
904 2005 1098 2042 turgescunt,
1109 2002 1367 2033 horrescunt.—6
1380 2000 1421 2032 P.
1438 2004 1474 2031 et
1490 2007 1550 2030 sex

741 2082 888 2114 NOTAE

130 2148 145 2176 l
187 2143 313 2185 Custos]
361 2143 595 2187 Arctophylax
636 2150 689 2177 est
729 2156 790 2177 seu
886 2149 905 2177 3
931 2146 1066 2186 Ionium]
1097 2144 1198 2179 Quod
1223 2145 1316 2176 inter
1337 2144 1490 2176 Siciliam
1515 2148 1552 2175 et

86 2194 226 2233 Bootes,
263 2195 296 2225 in
330 2195 427 2235 cujus
462 2195 556 2226 Zona
589 2195 691 2226 stella
723 2204 791 2225 una

87 2244 212 2276 ceteris
236 2244 352 2275 lucens
375 2243 514 2283 clarius,
529 2252 605 2284 quae
622 2242 790 2274 Arcturus

88 2295 226 2334 dicitur,
255 2295 350 2335 cujus
387 2300 480 2326 ortus
514 2299 618 2336 atque
649 2304 791 2326 occasus

89 2338 305 2386 gravissimas
316 2344 441 2374 dicitur
451 2344 543 2375 ciere
556 2348 791 2384 tempestates.

90 2394 209 2426 Annus
225 2398 338 2425 autem
366 2403 432 2434 quo
449 2393 482 2424 in
507 2394 643 2425 exilium
660 2394 793 2434 ejectus

90 2445 203 2477 Poeta
216 2447 291 2475 760.
309 2443 371 2474 suit
390 2444 431 2475 ab
449 2444 542 2475 Urbe
560 2443 711 2482 condita,
728 2450 795 2475 eta

91 2495 228 2526 Christo
238 2499 318 2525 nato
330 2499 483 2525 octavus.
508 2494 626 2524 Mense
640 2493 797 2535 Octobri,

91 2553 158 2585 quo
169 2544 335 2575 Arcturus
348 2544 490 2585 occidit,
506 2545 618 2575 navim
633 2554 795 2576 conscen-

93 2593 158 2626 dit.
266 2604 290 2624 ο

138 2644 398 2685 Erymanthium]
438 2645 528 2678 Quia
548 2646 703 2684 Caiiiato,
719 2655 795 2687 quae

93 2695 128 2726 in
157 2695 279 2726 Unam
302 2698 447 2734 mutata,
471 2694 641 2728 Arcadica
664 2696 741 2738 fuit,
763 2696 797 2727 in

95 2745 190 2787 cujus
202 2744 315 2787 patria
332 2754 428 2780 mona
443 2745 683 2787 Erymanthus.

843 2195 1024 2228 Graecinm.

886 2248 905 2275 4
944 2244 1098 2284 Audaces]
1162 2244 1231 2275 Hic
1261 2244 1362 2284 jocus
1394 2253 1460 2275 non
1499 2247 1551 2276 est

847 2295 1026 2326 verborum
1054 2295 1125 2325 sinc
1143 2304 1199 2325 re:
1225 2294 1304 2335 quia
1327 2294 1480 2335 quotidie
1503 2295 1552 2326 ita

847 2345 974 2384 evenit,
990 2350 1027 2376 ut
1044 2348 1152 2376 nictus
1177 2344 1438 2375 audentii-mimos
1464 2354 1552 2385 pra*-

849 2401 930 2428 stet.
976 2396 1136 2427 Ceterum
1166 2395 1324 2427 cordatos
1354 2395 1418 2426 hoc
1450 2395 1552 2427 modo

849 2445 955 2478 afficit
980 2450 1111 2477 metus:
1136 2454 1280 2487 namque
1309 2444 1392 2475 alios
1416 2444 1552 2476 omnino

849 2496 982 2536 dejicit.

895 2545 1000 2586 Metu]
1030 2546 1119 2578 Quia
1151 2543 1255 2576 Italia
1285 2544 1431 2583 Augusti
1453 2543 1552 2584 jussu

849 2595 1097 2632 excedendum,
1111 2594 1173 2625 nisi
1190 2593 1334 2633 graviori
1352 2602 1462 2633 poenae
1478 2601 1553 2624 sese

849 2646 1010 2678 addicere
1026 2645 1130 2675 veliet
1147 2644 1269 2675 Poma.

893 2700 912 2727 5
937 2694 1130 2733 Increscunt]
1177 2693 1267 2726 Quia
1292 2692 1324 2723 iu
1354 2693 1460 2724 altum
1491 2693 1554 2724 tol-

850 2746 967 2779 luntur
978 2745 1113 2783 fluctus,
1129 2748 1164 2776 et
1176 2747 1308 2776 tument
1323 2752 1429 2784 mare,
1440 2748 1556 2776 vento-
