1773 3121
237 229 351 271 1642
732 242 773 273 P.
805 241 961 272 ovtnu
995 241 1207 273 NAsoms

239 332 394 385 Usque
416 333 530 374 adeo
548 336 712 375 mutata
730 334 844 375 ferar
861 348 870 375 ε
901 335 1091 388 nullique
1106 334 1313 386 videnda,

238 398 363 440 Voce
383 403 526 440 tamen
547 413 715 441 noscat.
776 401 945 442 Vocem
964 402 1067 443 mihi
1086 402 1176 443 fata
1195 403 1449 457 relinquent.

242 596 358 637 FAR.
390 596 446 637 V.
478 600 521 638 et
548 597 634 639 VI.
710 597 831 639 Socii
854 597 1028 652 Ulyssis
1048 597 1092 637 in
1120 596 1271 638 Feras.
1339 597 1479 638 Iidem
1511 596 1557 638 in
1591 597 1689 639 Ho-

901 677 1053 705 mines.

239 761 386 802 AEsms,
403 761 467 792 iter
482 762 515 792 in
526 762 659 793 Italiam
674 762 830 803 tendens,
845 763 885 794 ad
900 763 1140 803 Laestrygonas
1153 762 1260 802 venit,
1273 761 1329 793 ubi
1344 763 1523 794 Macareus
1539 762 1693 794 Neritius

281 824 391 845 comes
419 815 527 846 Ulixis
555 817 725 857 apparuit,
748 826 1016 857 congressusque
1045 826 1102 847 eos
1129 822 1181 847 est
1208 816 1400 846 comitatus.
1461 815 1584 856 Itaque
1614 825 1691 846 cum

280 868 493 907 exposuisset
509 868 768 901 Achaemenides
780 871 869 910 apud
887 871 1071 910 Cyclopem
1088 880 1163 910 quae
1188 875 1302 901 essent
1319 869 1408 910 passi
1425 869 1520 909 socii,
1538 868 1693 899 similiter

281 924 315 950 et
332 920 387 950 illo
405 931 479 960 qum
497 931 515 951 a
532 922 631 952 Circe
647 932 722 953 cum
739 923 862 953 comite
884 923 1090 962 Eurylocho‚
1108 923 1166 963 qui
1191 922 1330 962 potione
1356 927 1498 962 accepta
1523 922 1557 952 in
1583 921 1691 952 varias

281 971 405 1011 figuras
427 974 625 1004 commutati
644 978 738 1005 sunt:
776 985 814 1005 ac
833 976 1012 1005 novissime
1027 975 1147 1006 Ulixes
1167 976 1318 1005 remedio
1345 974 1506 1006 Mercurii
1524 974 1571 1005 ibi
1588 973 1695 1013 venit,

280 1028 315 1054 et
343 1024 451 1054 socios
479 1025 709 1065 recuperavit.
755 1027 806 1056 Ex
822 1036 863 1057 eo
880 1026 980 1058 Circe
998 1026 1114 1066 junxit
1140 1035 1176 1057 se
1200 1027 1231 1057 ei
1254 1027 1289 1057 in
1314 1027 1576 1059 matrimonium.
1620 1026 1694 1057 Mo-

281 1076 422 1116 nuitque
436 1076 589 1117 AEueam,
606 1088 648 1109 ne
665 1079 838 1110 littoribus
855 1079 972 1110 Circes
987 1079 1181 1112 accederet.

238 1173 415 1230 TAmA
441 1203 686 1232 convexum
708 1204 785 1245 per
805 1192 887 1233 iter
906 1195 1168 1233 memorante
1185 1190 1369 1246 Sibylla,

240 1257 430 1298 Sedibus
452 1258 701 1300 Euboicam
722 1259 885 1313 Stygiis
908 1260 1089 1312 emergit
1108 1260 1152 1300 in
1170 1261 1323 1300 urbem
1610 1258 1697 1300 155

238 1324 397 1364 Troius
419 1325 587 1365 AEneas
604 1339 613 1367 z
646 1327 873 1379 sacrisque
893 1340 918 1367 e
938 1339 1057 1367 more
1078 1327 1230 1376 litatis,

240 1390 414 1431 Littora
436 1391 543 1441 adit,
564 1393 754 1433 nondum
774 1393 960 1434 nutricis
982 1393 1184 1434 habentia
1204 1406 1378 1434 nomen.

240 1456 330 1498 Hic
349 1471 524 1511 quoque
547 1459 796 1500 substiterat
816 1462 916 1513 post
934 1459 1069 1501 taedia
1089 1459 1217 1512 longa
1237 1460 1436 1500 laborum

240 1523 440 1566 Neritius
459 1525 710 1578 Macareus,
732 1540 881 1568 comes
902 1527 1173 1581 experientis
1190 1526 1355 1568 Ulixei.

238 1638 286 1668 rel
301 1636 492 1678 inficiabitur
505 1649 551 1669 me
566 1649 691 1671 amasse.
741 1641 841 1681 Usque
856 1643 929 1673 odeo
946 1643 1033 1673 dicar
1047 1644 1167 1673 mutata
1178 1651 1190 1678 ;
1212 1650 1307 1681 neque
1322 1640 1462 1680 cuiquam
1475 1639 1701 1681 conspicienda,

237 1689 403 1718 cognoscar
416 1684 518 1711 tamen
534 1691 616 1712 voce.
663 1683 745 1713 Fata
759 1683 836 1713 mihi
850 1684 1023 1723 relinquent
1039 1693 1152 1714 vocem.

286 1730 322 1752 v.
340 1731 388 1753 vr.
412 1722 531 1762 Sibylla
545 1725 623 1754 talia
638 1725 792 1761 referente
813 1735 871 1765 per
893 1728 1052 1757 tramitem
1067 1727 1212 1765 arduum,
1233 1725 1351 1756 AEneas
1366 1724 1525 1765 Phrygius
1542 1725 1648 1765 prodit
1663 1725 1698 1758 iu

241 1763 346 1795 urbem
364 1764 532 1796 Euboicam
556 1776 596 1796 ex
620 1767 693 1797 locis
716 1767 849 1805 inseris:
870 1771 900 1799 ct
915 1768 1077 1810 sacrificiis
1093 1767 1238 1805 feliciter
1262 1767 1411 1798 absolutis
1431 1769 1593 1798 secundum
1607 1768 1700 1807 ritus,

235 1807 377 1846 pervenit
392 1808 432 1837 ad
446 1817 515 1838 oras
529 1810 661 1839 nondum
677 1809 822 1840 habentes
837 1820 946 1840 nomen
968 1811 1111 1840 nutricis.
1157 1811 1325 1840 Macareus
1340 1810 1495 1849 Neritius,
1509 1810 1607 1841 socius
1627 1819 1699 1850 per-

239 1849 370 1888 spicacis
400 1849 533 1891 Ulyssis,
558 1851 609 1882 ln‘c
636 1852 731 1882 etiam
755 1851 945 1890 requieverat
967 1855 1038 1891 post
1064 1852 1154 1890 longa
1179 1853 1274 1881 taedia
1300 1851 1437 1882 laborum
1445 1862 1457 1888 ;
1482 1853 1535 1891 qui
1559 1852 1700 1892 agnoscit

856 1920 1090 1932 eeeeeeeeeeee

240 1964 334 1996 Med.
351 1968 386 1995 et
402 1965 596 2005 quindecim
612 1965 668 1997 alii
682 1976 739 1997 non
755 1969 928 2006 cognoscet,
944 1967 1107 1997 veh—153
1125 1965 1222 1997 Leid.
1239 1967 1391 2008 nnusfilu
1407 1966 1517 2007 relinq.
1535 1971 1570 1998 et
1581 1966 1699 2008 Thysii

240 2007 436 2047 relinquant;
469 2012 539 2038 tres
576 2009 633 2039 alii
664 2009 959 2049 relinquunt.—155
996 2009 1141 2048 Emer-git
1170 2018 1212 2040 ex
1241 2009 1459 2046 melioribus;
1483 2010 1576 2050 vulg.
1603 2019 1698 2040 emer-

239 2049 405 2080 sin—156
428 2050 580 2082 Berolin.
618 2051 743 2082 Troicus
773 2052 848 2082 AEn.
874 2055 909 2082 et
936 2050 993 2081 alii
1022 2061 1062 2081 ex
1089 2061 1148 2090 pro
1172 2054 1305 2082 e.—158
1329 2052 1408 2082 Bas.
1433 2052 1501 2082 Hic
1521 2052 1573 2083 ubi
1600 2052 1698 2084 substa

241 2091 326 2122 alius
352 2091 417 2122 His
437 2103 526 2133 quoq.
572 2093 651 2124 Duo
679 2093 783 2125 etiam
812 2094 1112 2125 constiterat—159
1136 2093 1238 2125 Hunc
1263 2103 1399 2125 versum
1423 2095 1508 2126 citat
1532 2094 1700 2127 Priscian.

895 2173 1041 2205 NOTAE

286 2237 346 2266 153
375 2235 468 2276 Voce]
492 2235 541 2268 Ut
562 2236 639 2268 hinc
656 2236 829 2277 sapientes
851 2235 941 2268 viros
1038 2235 1177 2278 Stygiis]
1209 2236 1353 2268 Inferis:
1385 2246 1405 2268 a
1430 2237 1536 2278 Styge
1565 2236 1698 2270 Infero-

241 2286 448 2325 consignatis
475 2286 611 2326 scriptis
640 2287 845 2319 immortales
868 2296 941 2317 esse
996 2297 1069 2318 rum
1096 2287 1231 2328 palude,
1260 2289 1270 2305 ‘
1289 2288 1348 2319 Dii
1377 2289 1474 2329 cujus
1508 2289 1626 2330 Jurare
1658 2289 1700 2320 ti-

242 2335 412 2376 intelligas
425 2346 434 2374 ;
449 2336 571 2377 quique
588 2337 656 2367 suis
671 2337 815 2368 consiliis
828 2346 943 2376 super·
995 2341 1089 2368 ment
1105 2341 1140 2367 et
1156 2336 1276 2368 fallere
1292 2337 1436 2369 numen!

241 2384 340 2415 stites
363 2385 446 2416 bene
470 2395 603 2426 semper
619 2385 835 2416 admoneant.
871 2385 942 2416 Sci·
1041 2389 1102 2416 156
1127 2386 1261 2426 Litotis]
1284 2387 1447 2418 Felicitei·
1465 2388 1622 2428 peractis-

242 2437 322 2464 rent
339 2444 419 2465 vcro
443 2443 557 2465 omnes
574 2435 674 2465 velim
690 2435 769 2476 quid
791 2444 866 2474 vox,
887 2444 943 2465 ve·
1040 2439 1100 2467 157
1126 2436 1283 2475 Nutricis]
1307 2437 1458 2475 Caietae;
1482 2448 1557 2479 quae
1581 2438 1630 2469 ibi
1649 2448 1700 2470 se-

243 2483 339 2523 ritas,
362 2489 420 2515 aut
447 2484 616 2524 sapientia
640 2484 685 2515 sit
705 2495 746 2516 ex
772 2495 844 2516 sese
870 2485 940 2516 sine
996 2487 1092 2527 pulta
1114 2487 1348 2526 promontorio
1366 2491 1468 2527 atque
1485 2488 1559 2519 urbi
1576 2498 1698 2520 nomen

243 2534 332 2564 omni
363 2535 555 2565 ambitionis
587 2539 623 2566 et
653 2535 851 2567 stoliditatis
882 2536 941 2566 hu-
997 2535 1103 2574 dedit,
1127 2536 1159 2566 in
1176 2545 1217 2566 ea
1233 2536 1454 2576 Neapolitani
1476 2539 1571 2578 regni
1597 2543 1697 2579 parte

241 2592 350 2615 manae
367 2583 462 2614 fuco!
996 2596 1070 2627 quae
1097 2586 1196 2616 hodie
1229 2587 1323 2617 Ter-ru
1353 2589 1386 2617 di
1416 2588 1535 2619 Lavoro
1560 2589 1698 2623 dicitur.

289 2636 350 2664 154
376 2635 565 2675 Com-exam]
588 2634 739 2666 Ascensu
757 2636 906 2667 arduum.
998 2638 1198 2676 Quanquam
1215 2637 1349 2667 aliunde
1367 2638 1422 2668 alii
1440 2639 1583 2670 nominis
1600 2640 1696 2673 istius

288 2686 348 2716 155
375 2684 556 2724 Euboicam]
581 2686 716 2724 Cumas,
743 2686 943 2717 Chalciden·
997 2688 1160 2718 rationem
1178 2687 1362 2718 deducunt.

245 2731 328 2763 sium
345 2733 510 2766 coloniam
525 2745 532 2766 z
558 2735 689 2767 Chalcis
703 2736 792 2767 enini
804 2736 943 2769 Enboeae
1041 2740 1103 2767 159
1124 2737 1282 2776 Neritius]
1301 2737 1509 2768 Ithacensis:
1527 2738 1593 2770 fuit
1606 2749 1697 2773 nam-

245 2780 312 2814 fuit
329 2783 458 2817 civitas„
950 2823 955 2828 ⁸
998 2797 1062 2830 que
1078 2787 1218 2819 Neritus
1234 2797 1328 2819 mous
1344 2787 1474 2820 Ithacae
1491 2789 1621 2830 Ulyssis
1637 2799 1696 2832 pa·
