1773 3121
206 223 318 266 1840

697 236 739 266 Ρ.
772 233 933 265 OVIDII
965 233 1178 265 NASONIS

207 329 313 371 Orta
333 330 451 383 prior
469 330 593 370 Luna
614 327 690 383 (de
711 343 758 371 se
780 331 818 371 si
839 329 1032 371 creditur
1051 327 1161 383 ipsi)

263 395 306 437 A
325 409 486 449 magno
509 396 639 437 tellus
660 395 833 438 Arcade
852 409 1012 438 nomen
1032 396 1176 436 habet.
1575 392 1660 433 470

207 463 298 504 Hic
316 462 401 504 fuit
420 462 622 504 Evander
637 464 770 525 ;1,.(]ιιὶ,
792 477 1046 518 quanquam
1069 463 1219 503 clarus
1239 464 1442 515 utroque,

263 530 472 571 Nobilior
493 543 630 571 sacrae
642 529 863 585 'sanguine
885 533 1035 573 matris
1057 535 1162 571 erat.

206 597 339 648 Quae,
363 590 494 638 simiss
518 597 731 639 aethereos
751 599 895 640 animo
917 600 1175 651 conceperat
1195 597 1330 649 ignes,

263 664 350 705 Ore
371 665 506 706 dabat
525 678 627 707 vero
650 666 846 707 carmina
865 668 996 720 plena
1019 666 1118 709 Dei.

205 731 394 772 Dixerat
413 733 508 773 haec
529 736 629 773 nato
650 736 796 773 motus
818 734 996 782 instare,
1019 733 1206 785 sibique,

1575 728 1663 769 475

261 798 495 853 Multaque
516 803 745 851 praeterea,
767 803 962 852 tempore
982 802 1115 839 nacta
1134 798 1278 837 fidem.

204 865 324 906 Nam
340 866 532 919 juvenis,
554 878 656 906 vera
678 865 857 904 nimium
879 878 979 905 cum
998 869 1149 913 matre,
1169 865 1345 915 fugatus

260 931 435 974 Deserit
455 930 699 972 Arcadium
722 931 1094 986 Parrhasiumque
1114 933 1263 972 larem·

201 1045 371 1078 minuatur.
418 1047 515 1077 Terra
539 1051 609 1078 orta
635 1047 722 1087 prior
741 1047 832 1078 Luna
854 1047 904 1087 (si
919 1048 1002 1090 fides
1029 1047 1158 1079 habetur
1181 1047 1241 1087 ipsi
1267 1047 1304 1077 ‹Ie
1325 1045 1380 1086 se)
1404 1045 1494 1077 habet
1519 1054 1627 1076 nomen
1642 1055 1661 1076 a

199 1098 313 1127 magno
329 1089 462 1120 Arcade.

509 1090 655 1120 Evander
670 1090 715 1120 z'bz'
723 1090 805 1130 suit,
822 1091 872 1130 qui
889 1091 1012 1121 tametsi
1027 1094 1093 1121 erat
1110 1091 1243 1121 illustris
1257 1092 1384 1129 utroque
1398 1089 1562 1127 sanguine,
1586 1093 1661 1119 erat

200 1134 302 1162 tmnen
327 1132 441 1162 clarior
456 1133 619 1172 sanguiue
646 1133 769 1163 matris.
819 1134 897 1168 Quoe
921 1134 1030 1164 statim
1052 1136 1142 1173 atque
1163 1135 1339 1172 conceperat
1363 1132 1497 1162 coelestes
1511 1131 1662 1172 flammas

200 1172 315 1212 animo,
331 1174 480 1214 efferebat
495 1183 566 1205 vero
582 1184 634 1205 ore
656 1175 797 1205 carmina
818 1177 910 1215 plena
925 1176 999 1206 Dei.
1046 1177 1095 1206 Ea
1120 1186 1186 1216 quae
1211 1178 1301 1205 nacta
1327 1177 1393 1204 erat
1420 1174 1548 1204 multam
1560 1172 1662 1214 fidem

201 1218 337 1255 tempore
352 1219 505 1255 anteacto,
533 1217 657 1247 dixerat
679 1221 780 1247 motus
798 1217 915 1248 instare
937 1218 996 1248 sibi
1011 1221 1041 1248 et
1057 1218 1144 1258 filio.
1190 1218 1275 1247 Nam
1290 1217 1461 1247 adolescens
1473 1216 1580 1256 pulsae
1593 1225 1662 1245 cum

200 1260 300 1289 matre
314 1258 443 1289 nimium
458 1268 531 1290 vera
547 1258 673 1299 reliquit
688 1259 857 1290 Arcadiam
873 1263 903 1290 et
919 1261 1040 1291 domum
1049 1260 1264 1290 Parrhasiam.
1290 1259 1349 1289 Cui
1363 1258 1546 1298 lacrymanti
1561 1261 1662 1288 mater

813 1347 1048 1358 eeeeeeeeeeee

201 1394 299 1434 Diva,
323 1396 377 1426 vel
406 1396 550 1435 Nympha
571 1406 668 1426 mone.
713 1397 770 1426 Fr.
799 1400 833 1426 et
859 1397 948 1428 Mor.
994 1397 1067 1435 Ipsa
1091 1407 1184 1428 move.
1231 1396 1327 1427 Idem
1354 1395 1437 1428 Cod.
1461 1399 1496 1426 et
1523 1394 1657 1436 quidam

200 1437 255 1467 alii
270 1447 364 1468 carm.
389 1439 627 1468 dictum—468
651 1437 721 1468 Alii
737 1448 796 1468 err.
812 1438 1026 1468 honora—469
1049 1440 1090 1469 V.
1115 1440 1203 1478 prius
1229 1448 1289 1478 pro
1316 1439 1413 1478 prior.
1457 1439 1555 1468 Meus
1573 1437 1659 1468 liber

199 1480 319 1519 reponi
346 1480 479 1517 suadet,
501 1481 537 1510 de
564 1490 606 1518 se,
635 1480 662 1510 si
690 1480 828 1510 creditur
856 1480 933 1510 ulli:
968 1485 1065 1510 vetus
1094 1481 1176 1511 alius
1210 1481 1281 1520 ipsi.
1306 1481 1448 1519 Neapol.
1495 1480 1660 1510 Credimus

197 1521 275 1559 ipsis
305 1526 437 1561 septem
470 1522 568 1553 libri:
607 1522 745 1552 creditur
769 1523 829 1559 illi,
855 1522 944 1552 duo:
982 1522 1040 1553 sed
1068 1522 1200 1553 Heinsii
1227 1532 1321 1560 unus,
1346 1524 1383 1552 <Ie
1405 1531 1436 1552 se
1456 1522 1503 1552 sic
1524 1521 1660 1552 creditur

198 1563 266 1603 ulli,
289 1573 393 1603 quare
419 1565 546 1595 rectius
572 1564 707 1601 legatur
734 1574 775 1594 ex
802 1564 889 1595 libro
920 1565 1095 1605 Neapolis,
1116 1567 1153 1596 de
1175 1574 1207 1595 se
1228 1565 1256 1595 si
1279 1564 1417 1595 creditur
1441 1564 1507 1595 ulli.
1532 1563 1608 1594 vid.
1632 1572 1658 1595 1.

199 1605 250 1635 Ex
279 1605 482 1637 Pont.v111.
508 1610 558 1637 13.
582 1607 800 1637 Burm.—471
828 1607 993 1639 Quaedam
1025 1608 1110 1638 Edd.
1138 1607 1224 1638 Hinc
1241 1607 1295 1645 su.
1320 1607 1440 1644 Heius.
1470 1606 1566 1637 dedit
1594 1606 1659 1637 Hic

198 1657 240 1678 ex
267 1648 575 1679 melioribus—473
601 1650 657 1679 Fr.
683 1659 745 1688 pro
775 1659 846 1680 var.
871 1650 951 1681 lect.
975 1650 1083 1680 (ether.
1109 1650 1246 1690 concepit
1271 1652 1371 1680 mente
1385 1649 1522 1686 furores.
1561 1648 1657 1679 Unus

198 1690 300 1720 etiam
329 1691 426 1722 Med.
460 1692 555 1722 anim.
590 1693 753 1729 collegerat
785 1692 961 1730 lgm—474
996 1692 1052 1723 Sic
1085 1693 1204 1723 Heins.
1238 1692 1334 1724 dedit
1365 1702 1408 1722 ex
1438 1692 1527 1722 Maz.
1557 1692 1656 1722 Voss.

198 1731 327 1764 Arund.
358 1738 394 1764 et
423 1734 530 1764 tribus
561 1734 652 1764 aliis:
693 1735 781 1774 vulg.
812 1734 875 1765 Ore
901 1736 931 1766 d.
959 1735 1048 1774 pleno
1073 1746 1099 1766 c.
1130 1745 1202 1766 vera
1232 1736 1276 1767 D.
1345 1734 1443 1765 Alter
1474 1734 1564 1765 Maz.
1594 1743 1656 1774 pro

198 1783 266 1806 var.
284 1775 362 1806 lent.
387 1778 417 1806 cl.
443 1777 529 1816 pleno
544 1777 680 1807 carmine
695 1787 767 1807 vera
787 1777 937 1808 D.——475
963 1778 1018 1808 Fr.
1046 1788 1064 1808 a
1092 1788 1180 1809 man.
1205 1787 1256 1818 pr.
1283 1778 1348 1808 hoec
1370 1780 1454 1807 tales
1477 1779 1656 1807 mot—476

198 1816 238 1847 In
255 1817 372 1848 codice
390 1817 431 1849 A.
447 1829 504 1858 que
519 1819 625 1850 deest.
648 1819 731 1849 Turn
750 1820 836 1850 alter
853 1820 892 1851 P.
907 1820 1079 1859 praeterito.
1106 1821 1224 1851 Heius.
1238 1821 1326 1860 conj.
1347 1820 1484 1850 Multam
1497 1820 1657 1859 praeterito

198 1862 394 1900 temp—477
420 1861 475 1893 Fr.
493 1863 569 1892 nim.
586 1864 759 1893 ‘cen—478
783 1861 952 1893 Arcadium
968 1872 1011 1893 ex
1035 1864 1184 1894 Strozzae
1211 1863 1292 1895 Cod.
1308 1863 1422 1903 placet
1441 1862 1559 1893 Heins.
1584 1871 1655 1902 prae

863 1955 1001 1987 NOTAE

199 2031 373 2060 carentem
411 2035 524 2062 mente
561 2030 779 2072 interpretati
808 2035 897 2070 sunt,
953 2030 1081 2071 regioni
1096 2030 1224 2062 intimae
1238 2040 1358 2062 nomeu
1370 2030 1503 2061 dedisse
1516 2030 1653 2061 dicitur.

200 2079 302 2119 quod,
322 2080 467 2119 scilicet,
491 2081 660 2122 Apollinis
677 2082 811 2112 numine
828 2091 899 2112 cor·
994 2084 1056 2112 471
1085 2082 1235 2122 Utroque]
1261 2081 1426 2113 Mercurii
1442 2080 1575 2112 faciunt
1590 2080 1653 2112 fili-

199 2133 299 2168 repta
316 2129 570 2162 vaticinaretur.

239 2180 302 2208 469
332 2179 414 2209 Orta
438 2180 540 2219 prior]
591 2179 816 2212 Antelunares
853 2182 896 2213 ob

197 2227 368 2267 religionis
396 2229 591 2269 neglectum
616 2233 896 2271 per convicium

198 2278 362 2317 appellati
377 2277 514 2310 fuerant
526 2279 690 2311 Arcades.
729 2281 895 2313 Probrum

196 2327 279 2358 illud
289 2328 322 2358 in
334 2328 467 2359 laudem
477 2335 665 2370 verterunt,
674 2332 895 2373 antiquiorem

196 2377 307 2408 sidere
331 2378 394 2410 isto
422 2384 555 2419 gentem
582 2391 671 2412 suam
699 2382 894 2420 gloriantes.

196 2426 245 2458 At
278 2428 484 2460 Censorinus
515 2431 724 2462 trimestrem
771 2443 894 2464 annum

197 2477 305 2516 primo
324 2477 478 2509 habuisse
507 2480 581 2510 illos
609 2480 704 2521 dicit,
731 2486 766 2513 et
790 2483 832 2513 ob
860 2483 894 2514 id

196 2527 396 2558 Proselenos
410 2530 613 2570 appellatos,
637 2540 694 2561 seu
712 2532 896 2564 Anteluna-

197 2585 269 2615 res;
307 2587 382 2608 cum
421 2579 515 2619 prius
557 2590 679 2611 annum
718 2582 896 2614 habuerint

197 2636 294 2668 quam
312 2628 339 2658 is
364 2628 396 2658 in
414 2629 551 2661 Groecia
575 2631 616 2662 ad
634 2632 739 2663 Lunae
761 2642 895 2663 cursum

197 2678 471 2711 constitueretur.

238 2730 301 2758 470
337 2730 473 2770 Arcade]
517 2731 612 2763 Jovis
643 2731 710 2763 fuit
733 2731 820 2762 filius
852 2741 894 2762 ex

197 2778 351 2820 Callisto,
385 2778 442 2820 qui
479 2778 634 2813 Arcadiae
666 2781 894 2822 Peloponnesi

951 2141 1006 2161 um
1038 2132 1229 2163 Evandrum
1269 2133 1444 2173 plerique;
1482 2142 1502 2162 a
1530 2131 1652 2173 quibus

952 2181 1130 2212 dissentire
1148 2182 1281 2213 videtur
1299 2182 1402 2213 Naso.

993 2234 1055 2262 473
1080 2232 1188 2272 Ignes]
1216 2231 1359 2263 Afflatus
1384 2236 1443 2264 aut
1470 2225 1650 2264 instinctus

952 2281 1083 2313 divinos
1101 2283 1266 2324 intellige.

992 2335 1053 2363 -175
1081 2333 1205 2374 Motus]
1248 2333 1450 2372 seditiones,
1480 2341 1540 2372 per
1569 2341 1650 2373 quas

950 2391 1051 2422 regno
1079 2383 1276 2423 pelleretur.
1336 2383 1391 2415 Ob
1419 2387 1563 2423 patrem,
1587 2391 1651 2422 per

950 2433 1212 2473 imprudentiam
1253 2438 1379 2473 tamen,
1416 2432 1650 2472 interfectum,

948 2482 1103 2523 fugatum
1121 2484 1238 2515 volunt
1255 2484 1427 2515 nonnulli:
1453 2484 1517 2514 alia
1536 2487 1649 2514 tamen

951 2533 1020 2563 alii.

991 2584 1056 2612 476
1079 2582 1197 2623 Nacta]
1228 2584 1363 2614 Eventu
1386 2582 1512 2623 quippe
1528 2582 1648 2614 confir-

949 2635 1041 2661 mata
1055 2631 1166 2662 omnia
1181 2641 1254 2673 quae
1278 2632 1468 2663 Carmentis
1482 2632 1648 2673 praedixe-

949 2687 1014 2714 rat.

990 2735 1052 2764 477
1078 2733 1234 2774 Nimium]
1273 2735 1363 2768 Quia
1384 2735 1505 2769 melius
1526 2733 1647 2766 fuisset

948 2791 1052 2824 regno
1068 2792 1133 2815 uon
1147 2785 1259 2826 pulsos
1272 2783 1390 2827 fuisse,
1402 2784 1553 2828 falsaque
1566 2784 1647 2817 fuis«
