1773 3121
243 210 356 253 1920

725 221 765 251 Ρ.
797 220 955 251 ovlnll
988 221 1149 251 NAsoN
1159 221 1201 251 [s

244 315 360 356 Dum
384 316 504 356 sicco
524 315 684 369 primas
704 316 842 357 irritat
859 317 1020 357 cortice
1039 317 1236 357 flammas
1254 330 1265 368 ;

299 382 395 422 Stat
413 396 534 435 pucr,
557 386 601 424 et
622 384 822 424 manibus
842 384 933 425 lata
955 385 1146 424 canistra
1164 387 1290 425 tenet.

1603 384 1689 424 650

242 447 366 495 Inde,
388 450 462 489 ubi
486 453 546 489 ter
565 449 710 502 fruges
733 451 900 491 medios
921 453 1098 492 immisit
1118 452 1161 491 in
1182 452 1318 504 ignes,

299 515 487 565 Porrigit
508 517 674 557 incisos
694 518 782 558 filia
804 531 942 571 parva
961 519 1103 560 favos.

241 580 362 622 Vina
382 587 523 623 tenent
545 584 644 625 alii:
674 585 863 626 libantur
886 586 1053 633 singula
1073 585 1275 626 flammis.

297 648 522 701 Spectant,
545 656 589 691 et
609 651 765 703 linguis
787 652 974 693 candida
992 653 1117 693 turba
1136 653 1299 693 favent.

243 715 468 769 Spargitur
488 722 533 757 et
553 730 673 758 caesa
695 718 933 759 communis
954 718 1181 759 Terminus
1202 731 1315 771 agna
1333 731 1343 758 :

299 781 397 823 Nec
421 784 630 836 queritur,
651 785 821 824 lactens
842 797 939 824 cum
961 785 1046 824 sibi
1067 797 1201 836 porca
1223 785 1362 825 datur.

241 847 525 898 Conveniunt,
545 850 849 902 celebrantque
869 851 1004 903 dapes
1026 851 1191 891 vicinia
1210 852 1397 905 simplex
1414 864 1425 903 3

300 914 358 954 Et
378 918 560 954 cantant
580 914 751 964 laudes,
771 915 977 955 Termine
999 921 1164 966 sancte,
1185 920 1297 957 tuas.

240 980 311 1022 Tu
330 981 540 1033 populos,
559 982 792 1034 urbesque,
814 987 858 1022 et
876 995 1010 1035 regna
1027 983 1219 1035 ingentia
1235 983 1358 1025 finis:

296 1045 454 1088 Omnis
475 1047 555 1088 erit
574 1048 665 1088 sine
684 1052 725 1089 te
744 1049 966 1102 litigiosus
987 1062 1100 1102 ager.

1604 1049 1690 1091 660

241 1179 326 1210 Dum
341 1180 457 1210 excitat
472 1179 588 1218 primas
597 1179 746 1219 flammas
773 1180 885 1210 cortice
909 1179 1007 1218 arido,
1027 1189 1104 1220 puer
1123 1180 1276 1217 consistit,
1297 1182 1328 1210 et
1348 1182 1431 1211 tenet
1458 1180 1575 1220 amplas
1589 1179 1691 1211 corbes

240 1220 392 1251 manibus.

234 1263 327 1300 savos
359 1263 481 1294 divisos.

240 1308 388 1345 spectant,
426 1308 456 1335 et
487 1304 601 1342 favent
634 1304 763 1343 linguis.

443 1221 532 1260 Tum,
547 1224 707 1260 postquam
735 1224 783 1251 ter
808 1222 913 1259 injecit
935 1222 1030 1258 farra
1056 1222 1089 1252 z'n
1120 1223 1233 1253 medios
1250 1222 1349 1261 focos,
1375 1232 1474 1262 parta
1498 1223 1574 1263 filia
1598 1222 1692 1263 offert

538 1261 607 1292 Alii
641 1265 745 1292 tenent
779 1262 903 1293 vinum.-
936 1264 1060 1302 singula
1095 1264 1232 1294 libantur
1270 1263 1353 1302 igne.

1415 1266 1520 1295 Coetus
1543 1265 1692 1295 candidus

824 1305 985 1335 Terminus
1022 1307 1190 1336 communis
1225 1306 1359 1344 tingitur
1395 1306 1490 1335 etiam
1527 1306 1691 1346 sanguine

241 1347 316 1385 agni
331 1347 482 1377 mactati.-
506 1356 600 1385 neque
614 1347 772 1386 queritur,
787 1357 853 1376 cum
867 1356 919 1377 sus
943 1347 1058 1377 lactens
1072 1348 1131 1378 sibi
1146 1347 1290 1387 offertur.
1341 1347 1462 1378 Vicz‘m'a
1476 1347 1609 1388 simplex
1623 1357 1693 1378 con-

239 1389 438 1426 grediuntur,
450 1392 479 1419 et
485 1388 688 1428 frequentant
700 1390 805 1428 epulas
817 1399 828 1424 ;
850 1392 879 1419 et
891 1393 1003 1419 canunt
1016 1390 1119 1419 laudes
1133 1393 1214 1427 tuas,
1227 1393 1331 1420 sancte
1348 1390 1499 1421 Termine.
1546 1390 1594 1421 Tu
1609 1390 1692 1421 limi-

240 1435 287 1462 tes
295 1431 387 1471 ponis
400 1430 532 1471 populis,
546 1433 576 1460 et
591 1429 729 1470 urbibus,
745 1433 775 1461 et
793 1430 914 1468 magnis
929 1431 1035 1469 regnis
1049 1441 1058 1460 :
1081 1441 1166 1462 omne
1182 1441 1289 1461 arvum
1303 1434 1380 1462 esset
1386 1431 1509 1471 jurgiis
1532 1431 1696 1463 obnoxium

851 1515 1083 1527 “OOOOOOO‘OO

242 1579 322 1607 neta
337 1580 372 1608 et
395 1576 553 1608 undecim
568 1576 688 1616 scripti
703 1578 802 1607 tentat
830 1585 891 1615 pro
914 1579 1085 1616 pugnat.—
1046 1578 1152 1607 —649
1175 1577 1227 1608 Ex
1242 1577 1283 1608 V.
1299 1576 1420 1608 Heius.
1436 1576 1591 1617 reposuit
1605 1577 1694 1609 Dum

244 1628 306 1658 pro
322 1619 410 1657 vulg.
437 1619 536 1656 Tum;

559 1620 616 1650 Fr.
636 1620 730 1650 Tunc.
775 1618 909 1649 Deinde
925 1619 983 1649 alii
1003 1627 1054 1658 pr.
1075 1619 1190 1650 invitat
1206 1623 1282 1650 cort.
1285 1622 1392 1650 -650
1415 1619 1469 1650 Fr.
1486 1619 1519 1650 in
1535 1628 1610 1652 voc.
1626 1619 1693 1651 lata

240 1661 344 1692 habet
359 1662 423 1692 alta
439 1671 500 1701 pro
517 1671 587 1693 var.
603 1663 713 1692 lect.-
716 1664 791 1692 -652
815 1661 959 1694 Quidam
976 1670 1038 1700 pro
1052 1661 1197 1700 Pon-rigiz
1214 1667 1334 1702 putant
1350 1661 1488 1692 Pom-icit
1501 1662 1693 1702 legendum.

241 1704 327 1734 Tum
343 1713 427 1734 unus
442 1704 576 1735 incussos
587 1704 640 1745 fil.
664 1704 746 1734 alius
765 1703 889 1741 infusos.
892 1706 998 1734 —653
1025 1704 1108 1734 Laeti
1125 1704 1209 1735 Cod.
1225 1709 1261 1735 et
1277 1704 1333 1735 alii
1355 1704 1391 1735 V.
1411 1707 1527 1745 parant
1542 1704 1583 1735 at.
1585 1707 1692 1736 —654

243 1744 334 1776 Octo
351 1746 427 1777 libri
444 1747 582 1786 Spectat,
601 1751 631 1777 et
647 1747 679 1776 1”11
692 1747 769 1786 ling.
786 1751 821 1776 et
835 1745 968 1786 quidam
982 1745 1088 1784 lignis.
1110 1747 1193 1777 Mox
1207 1750 1307 1777 cetera
1320 1746 1401 1778 turb.

1449 1756 1475 1778 r.
1489 1746 1532 1778 A.
1546 1750 1582 1777 et
1593 1746 1694 1778 Laeti.

242 1787 360 1819 Heius
371 1789 462 1829 conj.
475 1789 615 1828 Spectat,
627 1791 655 1819 et
669 1788 801 1827 elinguis
815 1788 948 1819 candida
963 1791 987 1818 t.
993 1788 1094 1826 favet.
1097 1791 1201 1820 —655
1215 1789 1270 1819 Fr.
1283 1799 1359 1819 cum
1370 1798 1425 1820 mu
1441 1789 1483 1819 tis
1495 1788 1568 1819 aliis
1580 1798 1694 1820 caeso...

240 1834 442 1869 agna—656
451 1830 522 1863 Alii
531 1833 647 1862 lactans
657 1831 926 1863 scribunt—657
936 1831 988 1862 Ex
999 1835 1081 1862 vett.
1093 1831 1213 1862 Heius.
1225 1830 1356 1872 profert
1365 1832 1515 1872 3111ψῑεως
1527 1831 1617 1872 vulg.
1625 1839 1695 1870 sup-

893 1931 1034 1964 NOTAE

284 2014 347 2042 649
370 2011 473 2052 Sicco]
500 2012 646 2043 Facilius
672 2012 800 2054 qnippe
825 2012 938 2053 ignem

242 2061 440 2101 concipiunt
457 2072 531 2102 quae
548 2062 644 2093 arida
659 2067 747 2093 sunt.

283 2113 346 2140 650
372 2111 535 2151 Canistra]
551 2111 696 2142 Corbem
711 2111 806 2150 dicit,
823 2111 856 2142 in
873 2121 939 2152 qua

244 2170 319 2201 quae
337 2159 379 2190 ad
396 2160 597 2191 sacrificium
614 2161 819 2192 necessaria.

284 2211 347 2240 653
371 2209 540 2249 Libantur]
563 2211 617 2241 De
633 2211 774 2251 singulis
790 2221 868 2252 pars
881 2211 939 2242 ali-

242 2268 308 2300 qua
323 2258 357 2289 in
374 2258 486 2299 ignem
501 2259 712 2292 mittebatur.

283 2311 346 2340 654
369 2309 515 2350 Linguis]
537 2309 608 2341 Aut
630 2311 787 2351 silebant,
802 2314 861 2342 aut
880 2311 937 2342 bo-

243 2368 287 2390 na
301 2359 404 2390 verba
419 2363 455 2390 et
475 2359 516 2391 ad
534 2369 604 2391 rem
621 2360 767 2391 divinam
784 2365 938 2401 spectan-

243 2407 303 2446 tia,
319 2408 369 2439 uti
385 2418 468 2449 opus
484 2413 571 2449 erat,
587 2419 628 2440 ex
646 2410 713 2441 ritu
730 2409 902 2441 dicebant.

287 2458 443 2499 Candida]
465 2460 529 2490 Vel
543 2460 620 2501 quia
643 2461 710 2501 pia,
735 2461 790 2492 vel
811 2460 890 2502 quia
904 2460 939 2491 in

247 2507 401 2538 candidis
415 2508 577 2541 vestibus,

284 2560 346 2588 655
380 2557 566 2598 Spargitur]
611 2559 664 2590 Ab
702 2560 791 2591 omni
827 2563 941 2591 tamen

246 2607 341 2638 caede
369 2617 408 2638 ac
444 2609 603 2648 sanguine
643 2609 941 2640 incontaminatum

245 2658 437 2689 conservari
459 2664 618 2698 oportere
642 2659 834 2690 Terminum
852 2660 942 2699 pacis

248 2712 283 2738 et
300 2707 456 2739 amicitiae
476 2708 650 2739 custodem
676 2709 790 2740 Numa
809 2709 941 2749 virjus-

247 2762 301 2789 tus
327 2767 365 2790 ac
389 2758 498 2791 civilis
518 2762 695 2801 statuerat,
710 2759 735 2791 si
758 2760 942 2793 Plutarcho

992 2011 1172 2043 credimus.
1208 2011 1275 2041 Ubi
1294 2011 1366 2051 jam
1383 2010 1440 2041 illa
1460 2010 1536 2041 lex?
1558 2008 1688 2041 Distin-

993 2071 1075 2101 guas
1099 2071 1238 2092 necesse
1260 2066 1313 2092 est
1337 2066 1511 2100 tempora3
1533 2059 1596 2091 nisi
1621 2060 1689 2091 Na-

992 2121 1107 2142 sonem
1123 2116 1274 2142 nostrum
1303 2115 1405 2151 atque
1428 2109 1608 2141 Horatium
1622 2119 1690 2141 ma·

991 2161 1041 2192 vis
1059 2161 1107 2192 illi
1122 2162 1215 2192 litem
1230 2170 1378 2192 movere.

1037 2211 1228 2251 Communis]
1252 2211 1392 2242 Scilicet
1410 2208 1596 2241 communis
1609 2209 1690 2242 Ter-

991 2261 1101 2292 minus
1117 2262 1174 2302 qui
1191 2261 1332 2292 duorum
1349 2270 1448 2301 agros
1461 2259 1593 2291 dividit.

1033 2311 1141 2351 Agna]
1163 2311 1235 2343 Aut
1251 2316 1344 2342 certe
1359 2311 1433 2351 ejus
1449 2309 1621 2350 sangnine.

1034 2365 1098 2392 656
1123 2362 1288 2401 Queritur]
1311 2361 1468 2393 Termino
1489 2360 1564 2392 Deo
1589 2364 1690 2400 'grata

993 2411 1096 2442 etiam
1114 2421 1228 2451 porca.

1037 2462 1159 2501 Datur]
1181 2461 1392 2492 Immolatur.

1034 2513 1098 2541 657
1124 2510 1303 2550 Celebrant]
1328 2510 1382 2541 Ad
1398 2509 1516 2550 epulas
1531 2508 1690 2551 frequen·

993 2564 1044 2592 tes
1060 2559 1238 2592 accedunt.

1036 2612 1099 2642 659
1126 2608 1228 2649 Finis]
1250 2609 1489 2649 Distermiuas,
1511 2607 1661 2640 Dividis.

1035 2662 1100 2690 660
1121 2659 1308 2700 Litigiosus]
1331 2659 1422 2692 Quia
1445 2659 1532 2690 alter
1551 2658 1586 2689 in
1606 2659 1689 2690 alte-

995 2709 1063 2740 rius
1078 2714 1209 2750 partem
1230 2710 1319 2742 ultra
1336 2719 1434 2750 quam
1446 2709 1502 2749 jus
1517 2712 1608 2740 esset
1621 2717 1690 2741 ma-

994 2769 1056 2792 nus
1071 2759 1226 2802 inferret,
1243 2765 1301 2792 aut
1316 2766 1411 2793 certe
1426 2764 1618 2794 conaretur.
