1773 3121
191 187 307 234 2144
674 202 718 234 P.
749 200 912 234 ovrmr
944 200 1161 234 NAsoms

191 298 366 354 Spargit
385 296 511 350 aquis
532 296 696 346 adituS,
718 297 796 338 sed
817 311 916 352 quae
939 298 1210 339 medicamen
1227 296 1472 341 habebant:

249 366 453 419 Extaque
475 364 528 405 de
550 377 684 418 porca
704 365 838 406 cruda
857 366 1060 406 bimestre
1082 369 1214 406 tenet.

190 433 337 488 Atque
357 434 433 482 ita,
456 432 616 473 Noctis
640 445 762 482 aves,
784 434 895 473 extis
917 434 1177 487 puerilibus,
1199 433 1356 488 inquit,

248 501 450 542 Parcite:
480 513 559 554 pro
580 513 716 553 parvo
737 501 918 542 victima
938 513 1075 554 parva
1096 500 1228 542 cadit.
1554 497 1639 540 160

189 568 279 610 Cor
298 581 379 622 pro
401 564 548 616 corde,
570 581 738 620 precor,
758 581 838 622 pro
859 568 980 609 fibris
1001 569 1157 608 sumite
1178 568 1328 609 fibras.

248 635 381 677 Hanc
402 634 589 674 animam
609 635 736 675 vobis
756 648 837 688 pro
857 636 1038 675 meliore
1058 635 1225 675 damus.

190 704 266 745 Sic
289 702 363 743 ubi
383 702 553 750 libavit,
573 706 777 753 prosecta
798 704 879 743 sub
900 703 1055 744 aethere
1075 703 1225 756 ponit:

247 769 425 820 Quique
449 767 591 806 sacris
611 767 783 815 adsunt,
803 769 1024 819 respicere
1046 770 1122 810 illa
1142 772 1271 810 vetat.

193 836 413 889 Virgaque
432 833 460 874 J
466 832 605 873 analis
627 832 679 872 de
701 833 831 885 spina
852 835 1038 874 sumitur
1059 835 1175 884 alba,
1559 834 1643 876 165

245 901 348 952 Qua
367 902 512 942 lumen
533 900 737 940 thalamis
756 912 895 953 parva
916 900 1107 941 fenestra
1128 901 1276 942 dabat.

187 968 302 1010 Post
319 967 427 1008 illud
444 979 522 1007 nec
545 978 650 1007 aves
669 979 803 1007 cunas
826 967 1019 1008 violasse
1036 968 1224 1009 feruntur
1240 981 1251 1020 3

245 1036 302 1076 Et
323 1034 447 1076 rediit
466 1046 617 1087 puero,
638 1033 714 1086 qui
734 1033 818 1074 fuit
839 1039 955 1084 ante,
978 1035 1110 1075 color.

186 1102 379 1155 Pinguia
399 1115 475 1142 cur
496 1102 584 1141 illis
606 1106 830 1153 gustentur
848 1102 974 1143 larda
996 1102 1228 1152 Kalendis,

244 1169 479 1222 Mixtaque
502 1181 576 1208 cur
596 1169 738 1209 calido
761 1170 818 1210 sit
839 1170 942 1211 faba
961 1171 1090 1220 farre,
1109 1170 1269 1223 rogas?
1559 1168 1643 1211 170

1431 679 1450 686 ζ

186 1302 308 1333 Irrorat
322 1301 470 1331 introitus
479 1300 578 1337 aquis,
596 1301 646 1329 sed
659 1310 724 1338 quce
739 1303 828 1329 erant
843 1300 1013 1335 medicatae,
1030 1303 1059 1329 et
1071 1303 1154 1329 tenet
1166 1300 1281 1329 viscera
1295 1299 1390 1329 cruda
1401 1298 1465 1329 suis
1478 1297 1643 1330 bimestris.

185 1347 287 1384 Atque
311 1343 355 1373 sic
380 1343 437 1380 ait,
462 1342 604 1370 Uolucres
624 1342 809 1379 noctivagoe‚
835 1342 986 1372 abstinete
1010 1341 1178 1371 visceribus
1197 1340 1380 1380 puerilibus:
1401 1351 1499 1379 parva
1514 1342 1642 1373 victima

185 1389 341 1418 mactatur
348 1394 405 1424 pro
418 1393 524 1422 parvo.
572 1383 727 1422 Capitote,
748 1393 860 1423 quaes-0,
875 1394 926 1414 cor
945 1393 1003 1423 pro
1028 1385 1129 1420 corde,
1145 1383 1248 1423 fibras
1264 1392 1318 1422 pro
1325 1382 1442 1423 fibris.-
1465 1383 1642 1415 exhibemus

184 1429 268 1460 vobis
283 1429 360 1458 hanc
371 1426 505 1456 auirmm
521 1435 576 1464 pro
592 1425 726 1455 meliore.
772 1425 942 1466 Postquam
955 1427 1001 1456 ila
1016 1425 1140 1463 obtulit,
1153 1424 1241 1464 ponit
1255 1427 1330 1455 extu
1344 1424 1398 1454 sub
1419 1424 1482 1464 uio,
1496 1427 1526 1454 et
1539 1426 1644 1465 prohi-

185 1471 234 1502 bet
254 1472 403 1510 respicere
417 1469 471 1498 illa
484 1477 541 1498 eos
556 1468 607 1507 quz'
621 1469 732 1498 adsunt
745 1468 851 1499 sacris.
898 1470 1000 1508 Atque
1015 1469 1104 1508 virga
1128 1468 1252 1498 Janalis
1269 1468 1306 1498 de
1319 1467 1410 1507 spina
1424 1466 1494 1498 alba
1508 1467 1644 1508 capitur,

183 1524 243 1553 qua
256 1523 352 1552 parva
357 1511 502 1548 fenestra
516 1510 702 1541 admittebat
716 1511 817 1541 lumen
833 1512 865 1542 iu
880 1511 1060 1542 cubiculum.
1108 1511 1185 1541 Post
1211 1510 1288 1540 illud
1313 1519 1408 1550 neque
1433 1510 1571 1542 volucres
1594 1510 1643 1542 di-

181 1560 295 1587 cuntur
324 1558 485 1586 temerasse
512 1552 672 1591 cunabula,
698 1557 729 1584 et
751 1554 832 1584 color
858 1554 910 1593 qui
930 1554 999 1592 fuit
1027 1554 1114 1593 prius
1135 1551 1253 1591 infanti
1273 1556 1438 1583 renovatus
1451 1555 1508 1585 est.
1551 1552 1644 1584 Petis

183 1597 376 1639 quamobrem
399 1597 488 1628 larda
508 1596 640 1637 pinguia
655 1597 785 1627 edantur
804 1597 869 1628 illis
893 1597 1058 1637 Kalendis,
1081 1599 1172 1637 atque
1190 1595 1269 1634 faba
1291 1595 1334 1626 sit
1351 1595 1445 1626 mista
1461 1605 1528 1627 cum
1542 1595 1643 1627 calido

797 1691 1029 1702 omnm-esee

184 1758 285 1789 arbut.
300 1757 415 1787 lumina
434 1755 483 1794 fr.
509 1756 554 1787 Et
571 1755 638 1786 duo
654 1755 732 1787 libri
745 1755 794 1794 fr.
819 1756 924 1796 tegit;
947 1755 1037 1787 unde
1065 1756 1184 1787 Heius.
1210 1755 1407 1787 teria—15⁷
1431 1753 1494 1786 Sed
1508 1765 1574 1796 quae
1589 1759 1643 1788 est

184 1811 226 1832 ex
243 1800 377 1832 emend.
394 1799 514 1830 Heins.
531 1808 607 1829 nam
624 1799 715 1838 vulg.
732 1799 912 1840 legebatur
928 1803 956 1830 et
972 1809 1059 1839 aqua>
1071 1810 1081 1830 .-
1105 1808 1189 1829 unus
1213 1804 1326 1830 autem
1342 1798 1386 1828 V.
1401 1798 1490 1829 alter
1505 1799 1639 1830 Bonon-

183 1848 218 1875 et
234 1844 291 1874 Fr.
307 1841 469 1873 exhibent
484 1845 514 1872 et
531 1845 717 1881 quea—158
742 1842 784 1873 R.
801 1844 838 1873 cle
852 1852 942 1882 porco
962 1843 1046 1873 crud.
1071 1842 1155 1872 Tum
1174 1842 1252 1872 Pet.
1276 1841 1364 1872 alter
1379 1843 1416 1871 et
1431 1841 1472 1872 P.
1490 1850 1552 1880 pro
1568 1850 1640 1873 var.

183 1886 263 1917 lect.
279 1885 411 1916 bimatre
433 1887 603 1915 tera—160
625 1884 706 1915 Tres
723 1884 802 1915 libri
826 1895 883 1925 pro
904 1883 998 1925 puero
1015 1885 1087 1915 vict.
1111 1883 1245 1915 Deinde
1268 1883 1356 1915 Laeti
1372 1882 1457 1914 Cod.
1481 1887 1516 1914 et
1531 1886 1580 1924 pr.
1596 1882 1640 1916 A.

180 1938 268 1968 parv.
285 1929 498 1958 datur.-—-163
523 1927 652 1957 AEtlaeere
674 1927 845 1966 meliores,
867 1932 955 1959 teste
972 1928 1091 1958 Heins.
1108 1927 1215 1958 ceteri
1231 1927 1348 1958 (ethera
1359 1936 1369 1956 .·
1392 1925 1480 1958 Edd.
1496 1926 1641 1967 Neapol-

183 1975 220 2001 et
241 1971 315 2001 aliae
331 1970 521 2000 aere-464
547 1969 615 1999 Alii
630 1970 695 2001 ads.
711 1979 791 2002 sacr.
817 1971 949 2001 inverso
976 1970 1105 2001 ordine.
1129 1970 1212 2001 Tum
1238 1979 1288 2010 pr.
1305 1969 1342 2000 F.
1358 1978 1523 2009 respuere;
1546 1968 1589 2000 A.
1603 1972 1640 1999 et

182 2012 249 2043 duo
267 2012 321 2043 alii
340 2012 533 2052 prospicere:
557 2012 619 2042 Be.
635 2013 784 2052 respicere
801 2016 875 2044 exta
898 2016 1066 2044 τεῇ-165
1090 2012 1295 2043 Insolentins
1311 2012 1373 2042 hoc
1389 2020 1511 2042 nomen
1527 2010 1640 2050 [Jana-

182 2054 234 2094 lis]
257 2064 369 2094 neque
395 2063 586 2093 quenquam
612 2055 703 2093 novi,
726 2055 783 2095 qui
807 2065 827 2086 a
853 2055 943 2086 Jano
968 2056 1113 2085 Janalem
1141 2054 1343 2085 deduxerit:
1370 2053 1404 2084 in
1430 2052 1640 2084 Bononiensi

183 2100 269 2136 erat,
287 2096 414 2127 Naialis
429 2105 439 2131 ‚·
461 2095 552 2125 unde
569 2095 709 2136 IlIaialis,
723 2098 778 2127 vel
795 2098 923 2128 ramulis
938 2098 1133 2137 conjecerat
1147 2096 1225 2126 olim
1242 2095 1416 2133 Heinsius,
1433 2100 1471 2125 ut
1486 2095 1531 2125 sit
1544 2095 1641 2136 virga

183 2148 226 2170 ex
245 2148 335 2169 ramo
352 2138 494 2175 arboris,
519 2143 556 2167 ut
574 2138 717 2169 Metam.
734 2148 815 2169 viri.
832 2142 907 2169 644.
931 2142 940 2156 ⁴
959 2139 1097 2169 ramalia
1113 2138 1206 2168 arida
1219 2137 1238 2168 :'
1262 2142 1298 2168 et
1323 2137 1421 2168 Pers.
1439 2146 1473 2168 v.
1488 2140 1541 2169 59.
1562 2138 1571 2155 ‘
1589 2147 1640 2169 ra·

183 2181 284 2212 malia
298 2180 367 2220 fagi
383 2180 402 2211 ε’
426 2189 537 2220 neque
555 2189 691 2211 movere
709 2180 824 2219 debet,
843 2181 932 2221 quod
948 2181 1053 2221 spinae
1080 2180 1165 2211 albae
1191 2180 1246 2210 vix
1264 2180 1348 2211 rami
1373 2180 1502 2220 possint
1524 2179 1642 2221 tribui,

183 2233 259 2254 cum
274 2223 460 2254 Columella
475 2223 497 2254 l.
513 2231 577 2253 vu.
594 2225 643 2253 19.
660 2232 732 2254 eam
754 2223 843 2253 inter
857 2224 994 2254 arbores
1018 2228 1207 2261 recenseat,
1223 2227 1261 2253 ut
1283 2223 1411 2262 pinum,
1428 2223 1637 2263 loton‚juni-

184 2275 300 2306 peron,
315 2269 379 2296 διε.
403 2271 439 2295 ut
453 2265 590 2295 Salmas.
608 2265 762 2296 Exercit.
778 2266 921 2296 Pliniar.
939 2276 1015 2305 pag.
1038 2269 1112 2297 370.
1138 2275 1237 2305 quern
1260 2264 1425 2304 Neapolis
1441 2265 1482 2295 ad
1499 2275 1545 2295 vs.
1563 2268 1639 2297 130.

183 2308 391 2348 compilavit,
401 2307 569 2344 ostenditt,
584 2307 641 2338 nbi
653 2313 689 2338 et
702 2308 840 2339 Gra‘cos
853 2307 967 2347 ῥάμνον
978 2309 1104 2338 dixisse
1117 2307 1279 2338 ostendit.
1290 2306 1370 2338 Vid.
1382 2307 1528 2338 Nicand.
1540 2308 1639 2339 Ther.

176 2353 257 2381 -861,
270 2356 304 2381 et
323 2351 368 2380 ibi
384 2350 495 2381 Scliol.
528 2349 584 2380 An
599 2348 689 2381 forte
706 2351 781 2381 hinc
794 2351 887 2381 Naso
900 2351 1068 2381 ramnulem
1081 2349 1299 2381 formaverit?
1316 2349 1371 2380 vix
1394 2353 1508 2380 tamen
1524 2350 1640 2383 credo.

183 2393 294 2424 Burm.
320 2393 401 2423 Mox
417 2403 462 2432 sp.
476 2393 602 2432 ponitur
616 2393 678 2424 alb.
696 2393 825 2424 Arund.
843 2394 938 2424 Voss.
955 2399 988 2423 et
1006 2392 1140 2432 plurimi
1159 2397 1325 2432 praeterea
1340 2396 1426 2423 vett.
1445 2396 1560 2431 recte3
1574 2393 1639 2424 nisi

181 2445 259 2466 cum
274 2434 362 2467 Jano
378 2435 483 2465 Vlitio
510 2440 627 2466 nostro
647 2436 752 2466 mavis
767 2435 921 2467 subditur.
949 2436 1175 2467 Heins.—167
1200 2436 1256 2465 Fr.
1272 2435 1351 2465 Post
1363 2434 1449 2465 illam
1464 2437 1639 2466 nem—170

177 2472 300 2509 Burm.
316 2477 413 2507 unius
430 2478 472 2506 V.
490 2478 695 2509 auctoritate
711 2479 801 2518 vulg.
818 2490 886 2510 cum
903 2478 1044 2509 mutavit
1062 2478 1096 2508 in
1111 2488 1184 2509 cur.-
1208 2482 1244 2508 at
1266 2476 1353 2507 Edd.
1370 2477 1580 2508 recentiores
1599 2478 1638 2508 τὸ

182 2530 251 2552 cum
278 2523 513 2560 reposuerunt.
556 2520 638 2550 Tum
663 2526 732 2551 tres
753 2522 829 2552 libri
855 2522 911 2552 cal.
925 2521 970 2563 fit
986 2520 1055 2559 fab.
1081 2520 1202 2551 Heius.
1225 2519 1329 2550 etiam
1354 2518 1492 2550 volebat
1517 2518 1585 2561 legi
1609 2521 1639 2552 si

840 2625 979 2656 NOTAE

225 2701 286 2731 163
303 2698 465 2739 Prosecta]
480 2699 489 2715 ‘
503 2699 688 2731 Prosecta'
705 2709 764 2731 seu
779 2700 789 2717 ‘
803 2709 880 2741 pro·
934 2699 996 2730 bus
1034 2703 1252 2740 opponuntur
1279 2698 1389 2731 solida
1418 2697 1636 2732 animantium

181 2747 292 2781 siciae’
316 2748 517 2781 dicebantur
532 2748 682 2783 dissecta
701 2754 794 2791 exta,
809 2749 880 2791 qui·
933 2749 1077 2781 viscera.
