1773 3121
215 190 329 233 2098
708 200 748 231 P.
781 199 939 230 ovlnn
971 197 1186 231 NAsoms

214 295 303 337 Ter
321 294 441 337 volui
460 293 709 348 promittere
728 307 874 348 opem,
895 299 958 336 ter
977 295 1126 346 lingua
1144 296 1316 335 retenta
1335 295 1432 334 est:

272 363 349 405 Ira
367 363 396 404 J
401 364 498 404 ovis
518 363 665 415 magni
685 375 818 403 causa
839 365 1002 404 timoris
1024 368 1129 405 erat.

218 430 317 480 Fer,
334 444 501 484 precor,
524 431 754 480 auxilium,
777 431 917 480 dixin
950 431 1165 471 celabitur
1184 433 1362 471 auctor:

274 499 335 539 Et
354 499 516 553 St5giae
538 513 696 540 numen
714 499 971 540 testificatur
993 512 1136 552 aquae.
1580 494 1670 538 250

219 564 354 616 Quod
372 568 501 620 petis,
525 566 710 616 Oleniis,
731 568 927 620 inquam,
949 567 1054 607 mihi
1075 568 1235 606 missus
1256 566 1311 605 ab
1334 563 1451 606 arvis

275 632 383 674 Flos
405 634 554 676 dabit:
586 639 654 675 est
671 634 809 674 hortis
831 635 983 675 unicus
1003 634 1075 674 ille
1096 634 1216 674 meis.

219 699 311 750 Qui
331 701 482 750 dabat,
506 701 625 751 Hoc,
644 701 771 750 dixit,
795 702 982 742 sterilem
1001 714 1175 754 quoque
1195 705 1320 753 tange
1335 699 1600 754 juvencam;

276 767 419 808 Mater
439 769 534 809 erit.
593 768 758 819 Tetigit
788 780 867 807 nec
886 781 1021 817 mora,
1051 773 1189 808 mater
1213 771 1319 808 erat.

219 834 424 874 Protinus
443 833 673 874 haerentem
695 832 897 885 decerpsi
917 833 1079 885 pollice
1100 835 1265 875 florem.
1588 831 1675 874 256

275 900 509 953 Tangitur3
540 907 581 940 et
600 903 718 940 tacto
742 900 937 953 concipit
955 900 1033 940 illa
1051 901 1164 941 sinu.

217 966 408 1020 Jamque
429 968 574 1019 gravis
595 966 814 1016 Thracen,
835 971 878 1007 et
896 967 1013 1007 laeva
1035 966 1332 1020 Propontidos
1352 967 1512 1009 intrat:

278 1033 438 1087 Fitque
457 1039 613 1087 potens
635 1035 727 1074 voti
745 1048 755 1085 ;
789 1033 1002 1088 Marsque
1023 1038 1197 1074 creatus
1226 1040 1334 1075 erat.

222 1101 310 1150 Qui
330 1114 499 1142 memor
517 1102 687 1154 accepti
709 1115 786 1154 per
806 1115 874 1141 me
892 1103 1068 1151 natalis,
1091 1102 1271 1142 Habeto
1380 1145 1381 1148 ,

278 1168 348 1208 Tu
368 1181 545 1222 quoque
572 1167 803 1216 Romulea,
826 1168 956 1217 dixit,
975 1169 1021 1208 in
1040 1167 1158 1208 Urbe
1176 1168 1338 1210 locum.
1493 1184 1496 1186 ·
1591 1169 1677 1211 260

223 1235 427 1276 Forsitan
445 1235 489 1275 in
509 1235 672 1276 teneris
693 1239 857 1275 tantum
877 1248 976 1275 mea
995 1248 1128 1287 regna
1149 1235 1326 1275 coronis

279 1302 392 1343 Esse
411 1307 539 1356 putes
557 1316 566 1342 ι
597 1306 776 1353 tangunt
796 1314 954 1341 numen
975 1306 1017 1342 et
1037 1314 1144 1343 arva
1159 1315 1319 1342 meum.

221 1421 304 1452 deris
317 1421 391 1461 quid
404 1430 502 1460 posse.
551 1420 612 1450 Ter
627 1420 706 1450 colui
721 1420 861 1460 polliceri
881 1421 1046 1459 auxilium,
1071 1424 1119 1452 ter
1134 1421 1243 1460 lingua
1257 1430 1396 1461 repressa
1411 1424 1476 1452 est:
1497 1421 1548 1451 im
1566 1421 1679 1452 excelsi

221 1464 310 1494 Joris
333 1467 401 1494 erat
423 1472 515 1493 causa
529 1466 638 1493 metus.
681 1463 820 1501 Adjuva,
844 1474 957 1503 quaeso,
982 1463 1096 1503 inquit,
1121 1468 1228 1494 auctor
1250 1463 1424 1499 tacebitur;
1456 1466 1547 1503 atque
1570 1466 1679 1494 tatem

215 1506 299 1543 fucit
313 1515 422 1536 numen
437 1515 525 1546 aquoe
542 1505 676 1545 Stygiae.
723 1505 809 1544 flos,
830 1507 912 1543 dixi,
931 1506 1007 1536 mihi
1022 1506 1134 1536 missus
1148 1506 1186 1537 ab
1201 1506 1290 1545 agris
1308 1506 1426 1537 Oleniis
1439 1505 1587 1546 prebebit
1600 1507 1679 1546 quod

222 1549 355 1588 quoeris:
381 1549 431 1579 ille
446 1551 492 1578 est
507 1549 588 1578 solus
602 1549 632 1578 in
648 1548 746 1578 hortis
761 1549 844 1579 meis.
892 1549 955 1584 Qui
979 1549 1103 1587 obtulit,
1120 1549 1196 1579 mihi
1212 1549 1309 1584 dixit,
1337 1552 1434 1588 tange
1448 1548 1542 1579 etiam
1557 1558 1680 1579 uaccam

222 1591 357 1622 sterilem
373 1591 506 1631 hoc,fiet
522 1594 631 1621 mater.
679 1591 792 1630 Tetigi,
815 1594 845 1622 et
860 1591 926 1622 sine
940 1592 1135 1623 cunctatione
1157 1595 1224 1622 erat
1251 1595 1359 1623 mater.
1406 1591 1559 1622 Continuo
1573 1591 1680 1622 revelli

218 1634 329 1674 pollice
335 1633 449 1674 florem
464 1637 608 1664 stantem.
658 1633 826 1672 Tangitur,
847 1637 939 1673 atque
959 1635 1014 1664 illo
1035 1634 1169 1674 concipit
1189 1634 1309 1674 gremio
1325 1638 1418 1666 tacto.
1462 1635 1594 1673 Jamque
1605 1642 1681 1673 gra-

221 1676 294 1707 vida
308 1677 487 1714 ingreditur
505 1676 652 1714 Thracen,
675 1679 705 1706 et
729 1676 859 1706 sinistra
874 1677 1092 1717 Propontidos,
1117 1680 1208 1717 atque
1222 1676 1269 1718 fit
1292 1687 1412 1717 compos
1435 1676 1522 1707 voli:
1542 1679 1572 1707 εί
1587 1676 1680 1706 Mars

223 1722 292 1749 erat
305 1719 439 1758 genitus.
489 1719 551 1754 Qui
567 1728 681 1750 memor
695 1719 809 1749 natalis
823 1720 941 1760 accepti
954 1730 1011 1760 per
1027 1730 1086 1757 me,
1113 1720 1157 1750 Tu
1173 1720 1280 1758 etiam,
1301 1720 1417 1758 inquit,
1441 1719 1580 1750 obtineas
1592 1718 1679 1749 seda

223 1762 255 1791 in
277 1761 359 1793 Urbe
374 1761 534 1793 Romulea.
578 1754 677 1793 Forte
691 1763 798 1793 credas
812 1771 878 1793 mea
891 1763 968 1800 jura
983 1773 1046 1794 esse
1070 1766 1192 1793 tontum
1214 1762 1248 1793 in
1264 1762 1407 1793 mollibus
1421 1762 1522 1793 sertis.
1568 1760 1679 1802 Campi

834 1836 1068 1848 eeeeeeeeeeee

224 1881 288 1910 246
311 1878 379 1909 Pro
402 1888 490 1919 posse
507 1878 642 1918 quidam
665 1879 785 1919 scripti
812 1884 848 1910 et
864 1879 947 1910 editi
963 1880 1161 1910 scira—250
1185 1879 1226 1910 In
1243 1878 1413 1910 nonnullis
1429 1877 1464 1909 S.
1481 1887 1590 1909 nomen
1603 1879 1679 1908 test.

223 1922 309 1951 Tum
323 1921 377 1952 Fr.
394 1931 468 1952 cum
487 1922 560 1951 aliis
577 1927 611 1952 et
625 1923 718 1962 vulg.
733 1921 922 1963 testificabor
936 1932 986 1961 aq.
1034 1921 1080 1952 At
1100 1922 1289 1964 testificatur
1301 1932 1377 1953 cum
1394 1926 1466 1961 opt.
1489 1920 1570 1951 Pat.
1585 1920 1677 1951 Maz.

226 1963 357 1994 Zulich.
376 1969 411 1994 et
426 1964 497 1993 aliis
514 1965 619 2003 magis
635 1964 766 1995 arridet
778 1964 1042 1995 Heinsio.—251
1069 1965 1158 1995 Maz.
1168 1970 1204 1995 et
1220 1965 1305 1995 alius
1317 1967 1380 2003 pet.
1395 1964 1451 1994 hoc
1467 1962 1600 1998 Geticis,
1615 1962 1678 2001 inq.

224 2006 319 2036 Unus
334 2005 416 2036 Cod.
436 2007 473 2036 Ο.
492 2016 588 2046 nuper
603 2006 680 2036 mihi
694 2007 778 2037 miss.
805 2007 932 2038 Omnes
947 2004 1020 2037 fere
1037 2007 1157 2047 scripti
1169 2007 1266 2043 mihi;
1290 2006 1349 2037 sed
1362 2006 1449 2044 vulg.
1464 2004 1536 2034 tibi.
1548 2004 1610 2034 Pr.
1631 2003 1677 2035 A.

226 2047 305 2077 mihi
320 2048 424 2078 messis
436 2047 474 2077 ab
489 2058 553 2078 art.
580 2049 625 2078 Et
637 2058 721 2079 unus
737 2049 775 2078 ab
789 2049 897 2088 agris;
921 2048 1003 2078 alius
1019 2049 1056 2079 ab
1071 2050 1156 2079 an's:
1177 2050 1231 2079 Fr.
1249 2058 1311 2088 pro
1327 2057 1397 2078 var.
1414 2048 1492 2078 lect.
1509 2046 1546 2076 ab
1559 2046 1679 2078 oris.—

226 2091 288 2120 253
312 2089 441 2126 Scribe,
457 2090 654 2129 impellente
670 2096 786 2121 nostro
802 2091 900 2130 libro,
918 2092 979 2121 Cui
994 2091 1088 2121 dabat
1102 2091 1189 2121 hunc.
1207 2090 1351 2129 Neapol.
1374 2089 1415 2120 In
1429 2090 1486 2120 Fr.
1503 2089 1567 2124 Qui
1579 2089 1679 2128 dedit,

226 2131 310 2169 Hoc,
324 2132 415 2169 αἰτῇ
438 2138 471 2162 at
487 2132 571 2162 dixit
601 2142 662 2172 pro
678 2142 750 2162 var.
765 2133 846 2163 lect.
891 2132 933 2162 In
960 2132 1048 2172 vulg.
1075 2133 1177 2162 etiam
1203 2132 1414 2162 scribebatur
1429 2132 1532 2168 hunc;
1554 2131 1679 2163 Heius.

226 2173 348 2204 suadet
369 2175 541 2205 hoa—254
565 2174 710 2205 Plurimi
735 2175 845 2213 tetigit
871 2184 931 2214 pro
958 2175 1171 2212 tetigi.—255
1195 2174 1279 2204 Tres
1302 2174 1380 2204 libri
1410 2176 1544 2214 decerpe.
1570 2175 1680 2214 stipite

217 2216 403 2256 flou—256
427 2217 572 2257 Neapol.
588 2216 708 2248 suadet
726 2217 854 2256 Tangit,
869 2221 899 2247 et
925 2216 1041 2246 intacto
1061 2227 1146 2247 conc.
1190 2217 1308 2247 Heius.
1325 2217 1477 2247 Malebat
1498 2216 1626 2256 Tang-it,
1641 2220 1677 2247 ut

227 2259 363 2290 intacto.-
387 2259 559 2299 Gryphius
584 2259 691 2290 edidit
719 2260 846 2299 Tangit,
871 2263 901 2290 et
924 2269 940 2289 e
957 2262 1060 2295 tacto}
1085 2264 1120 2290 et
1145 2259 1194 2289 sic
1220 2263 1290 2290 tres
1315 2258 1511 2290 libri.—258
1534 2258 1576 2289 In
1604 2268 1677 2290 voe.

227 2302 292 2331 voti
314 2302 368 2332 Fr.
393 2302 496 2332 habet
525 2312 585 2342 pro
610 2311 679 2332 var.
706 2302 787 2333 lect.
814 2302 1015 2333 αἰπὰ-259
1039 2301 1107 2331 Pro
1134 2301 1197 2336 Qui
1223 2306 1307 2332 vett.
1331 2301 1487 2341 plerique
1516 2302 1595 2332 Cum
1621 2301 1676 2332 vel

228 2343 424 2376 Tame—262
458 2345 601 2384 Tangunt
627 2344 836 2386 praetulerim
865 2354 942 2375 cum
967 2343 1094 2375 Erfurt.
1110 2348 1146 2375 et
1169 2353 1233 2375 uno
1249 2344 1328 2376 Pat.
1354 2343 1468 2375 Heins.
1505 2343 1575 2375 Alii
1597 2353 1677 2375 cum

882 2428 1020 2461 NOTAE

270 2504 334 2533 250
356 2502 495 2543 Stygioe]
517 2505 525 2519 ‘
545 2504 590 2534 Di
620 2505 716 2544 cujus
734 2504 854 2544 jurare
884 2503 923 2534 ti·
1019 2505 1082 2533 256
1108 2501 1275 2541 Tangitur]
1298 2501 1401 2540 Juno,
1416 2501 1487 2532 scil.

228 2557 323 2583 ment
337 2558 374 2584 et
388 2552 509 2584 fallere
524 2553 671 2584 numen.’
1018 2556 1081 2584 257
1114 2552 1209 2583 Loeva
1244 2551 1467 2592 Propontidos]
1512 2550 1567 2583 Ibi
1593 2561 1676 2597 vero

271 2605 333 2635 251
360 2603 493 2643 Oleniis]
518 2605 570 2635 Ad
598 2604 757 2642 Olenum,
772 2603 924 2643 Achaiae,
977 2603 1130 2641 Thracia,
1146 2603 1179 2632 in
1207 2613 1273 2643 qua
1297 2603 1393 2632 Mars
1419 2606 1539 2641 natus;
1564 2611 1677 2643 neque

229 2663 290 2685 seu
305 2654 447 2693 AEtoliae,
462 2654 579 2685 urbem
597 2653 841 2694 spectantibus.
978 2658 1120 2693 temere,
1135 2653 1301 2694 siquidem
1321 2653 1362 2684 ad
1376 2653 1525 2685 virorum
1541 2656 1676 2694 spect-s

272 2705 335 2735 253
360 2704 423 2740 Qui
437 2704 547 2745 dabat]
569 2705 763 2746 Zephyrum
775 2704 925 2736 credide·
976 2703 1151 2736 ferociam.

233 2753 292 2786 ris.
1020 2757 1084 2787 260
1106 2752 1222 2794 Dixit]
1244 2753 1384 2795 Martis,
1403 2753 1479 2786 scih-
1499 2761 1606 2795 opera
1625 2751 1676 2784 in-
