1773 3121
256 203 370 245 2050
739 212 782 242 P.
816 210 974 241 ovmn
1009 208 1222 240 NASONIS

258 308 412 349 Limen
433 310 482 348 ut
502 305 693 355 intravit,
714 305 863 347 luctus
885 304 1008 346 videt
1028 305 1174 345 omnia
1193 302 1339 356 plena.

313 374 342 414 J
347 387 416 415 am
438 386 541 426 spes
563 373 608 412 in
629 385 766 425 puero
785 373 905 413 nulla
925 372 1079 412 salutis
1100 374 1204 412 erat.

259 440 400 481 Matre
424 439 615 480 salutata
644 437 801 493 (mater
823 439 1042 479 Metanira
1064 435 1267 489 vocatur)

313 507 341 547 J
345 520 502 559 ungere
526 507 703 559 dignata
723 510 789 546 est
810 519 858 546 os
880 505 1044 558 puerile
1065 517 1159 546 suo.
1630 499 1716 541 540

258 573 408 614 Pallor
428 574 532 623 abit,
555 574 804 626 subitaeque
826 574 974 625 vigent
992 573 1038 613 in
1058 584 1238 625 corpore
1261 570 1400 611 vires:

315 640 487 681 Tantus
509 641 680 681 coelesti
707 641 819 680 venit
840 641 895 680 ab
918 653 991 680 ore
1011 640 1146 691 vig'or.

259 706 379 746 Tota
400 707 554 747 domus
575 707 678 747 laeta
699 710 781 755 est,
802 706 885 746 hoc
907 710 989 755 est,
1011 709 1244 758 materque,
1265 707 1488 757 paterque,

319 773 525 826 Nataque
543 787 552 813 z
584 778 670 812 tres
691 774 751 812 illi
773 777 862 812 tota
884 773 1000 812 suere
1021 773 1190 812 domus,

261 839 375 879 Mox
394 840 549 892 epulas
570 842 752 891 ponunt,
776 838 1014 890 liquefacta
1035 838 1220 889 coagula
1240 838 1373 887 lacte,
1635 835 1720 878 545

319 906 559 958 Pomaque,
580 910 621 945 et
641 905 687 944 in
708 905 869 944 teneris
892 917 1025 944 aurea
1045 904 1172 944 mella
1192 903 1323 944 favis.

261 972 467 1012 Abstinet
487 972 601 1011 alma
623 970 769 1020 Ceres,
793 972 1020 1024 somnique
1040 982 1268 1023 papavera
1288 981 1446 1010 causas

321 1040 412 1079 Dat
431 1039 512 1078 tibi
534 1051 634 1078 cum
654 1038 805 1091 tepido
828 1038 940 1078 lacte
960 1037 1169 1085 bibenda,
1192 1049 1316 1089 puer.

264 1105 425 1146 Noctis
446 1109 536 1145 erat
555 1105 762 1154 medium,
784 1104 1038 1157 placidique
1062 1104 1236 1145 silentia
1259 1102 1401 1144 somni
1420 1116 1431 1155 ;

320 1172 641 1224 Triptolemum
663 1172 826 1222 gremio
849 1172 1027 1211 sustulit
1048 1172 1126 1211 illa
1148 1183 1251 1212 suo:
1637 1170 1721 1211 550

263 1239 436 1291 Terque
455 1251 586 1278 manu
608 1238 836 1291 permulsit
856 1251 952 1278 eum
971 1252 979 1278 z
1013 1239 1098 1278 tria
1118 1238 1312 1278 carmina
1332 1237 1470 1288 dixit3
1526 1252 1528 1255 ·

322 1304 530 1345 Carmina
549 1304 724 1344 mortali
744 1317 831 1343 non
850 1304 1075 1345 referenda
1096 1317 1220 1345 sono.

265 1372 404 1425 Inque
424 1370 525 1410 foco
547 1370 670 1422 pueri
690 1382 850 1421 corpus
871 1370 1046 1410 vivente
1067 1370 1223 1410 favilla

323 1437 494 1486 Obruit,
515 1436 755 1476 humanum
775 1439 933 1488 purget
945 1440 997 1491 pt
1015 1435 1128 1487 ignis
1151 1447 1274 1476 onus.

263 1548 376 1585 specta.
424 1545 503 1575 Cum
518 1545 612 1575 limen
629 1543 748 1582 tetigit,
763 1543 876 1583 aspicit
892 1544 994 1574 omnia
1006 1544 1216 1584 plenafletus.
1259 1544 1335 1574 Jam
1348 1543 1432 1579 nulla
1446 1545 1514 1573 erat
1528 1552 1596 1583 spes
1614 1543 1726 1576 salutis

264 1590 299 1619 'in
313 1586 441 1624 infanti.
486 1587 594 1617 Matre
619 1587 756 1616 salutata
781 1587 904 1626 (mater
929 1587 1101 1626 appellatur
1127 1585 1312 1625 Metanira)
1335 1586 1465 1625 dignata
1489 1589 1534 1616 est
1550 1589 1677 1625 tangere
1691 1596 1725 1617 os

264 1630 381 1670 puerile
395 1639 458 1660 suo.
503 1630 611 1659 Pallor
625 1629 794 1663 excutitur,
810 1632 902 1668 atque
917 1631 1083 1660 advertant
1104 1629 1186 1659 vires
1208 1628 1385 1669 repentinas
1409 1628 1442 1659 in
1464 1638 1599 1668 corpore.
1647 1628 1728 1660 Tan-

266 1677 316 1704 tus
333 1673 423 1711 vigor
438 1673 563 1703 accessit
579 1671 616 1701 ab
630 1680 681 1700 ore
696 1671 819 1701 coelesti.
852 1672 929 1701 Tota
946 1673 1053 1702 domus
1065 1672 1195 1710 gaudet,
1223 1672 1278 1702 hoc
1304 1674 1348 1702 est
1367 1671 1521 1710 genitrix,
1547 1675 1577 1701 et
1589 1672 1727 1711 genitor,

266 1719 358 1755 atque
363 1715 459 1756 filia:
481 1715 529 1744 illi
545 1718 608 1744 tres
615 1712 746 1750 suerunt
773 1717 838 1743 tota
867 1714 981 1745 (lomus.
1028 1715 1107 1745 Mox
1132 1715 1272 1744 admovet
1294 1713 1387 1752 cibos,
1409 1714 1535 1751 cong-ula
1561 1712 1727 1752 liquefacta

267 1759 356 1795 lacte,
383 1760 474 1796 alque
497 1766 598 1797 poma,
615 1759 643 1786 et
661 1755 844 1795 mellaflava
860 1756 893 1785 ὒι
920 1758 1034 1787 teneris
1052 1756 1148 1794 favis.
1178 1757 1270 1787 Ceres
1295 1757 1375 1786 alma
1399 1755 1478 1785 nihil
1500 1757 1618 1794 tangil,
1634 1758 1726 1795 atque

265 1799 382 1839 praebet
398 1800 466 1836 tibi,
482 1798 596 1836 insum,
609 1807 763 1838 papavera
777 1800 913 1837 potanda
929 1809 996 1829 cum
1011 1800 1088 1829 lacte
1117 1799 1227 1836 calido,
1252 1807 1360 1829 causas
1382 1797 1508 1837 soporis.
1555 1798 1638 1828 Erat
1663 1807 1726 1829 nox

268 1842 379 1879 media,
401 1846 492 1881 atque
507 1842 630 1871 silentia
643 1842 718 1870 lenis
730 1841 869 1879 soporis5
889 1840 943 1871 illa
959 1842 1072 1881 recepit
1094 1842 1315 1881 Triptolemum
1331 1841 1362 1870 ia
1384 1849 1471 1870 suum
1490 1840 1612 1870 sinum:
1635 1842 1728 1879 atque

267 1887 315 1914 ter
329 1884 488 1923 perlinz‘cit
501 1894 568 1913 eum
585 1893 691 1913 manu:
714 1886 778 1912 tres
805 1892 909 1912 versus
934 1884 1076 1923 protulit,
1092 1893 1197 1914 versus
1213 1893 1271 1914 non
1292 1883 1499 1913 memorandos
1512 1892 1580 1913 voce
1594 1881 1727 1912 nwrtali.

268 1927 370 1966 Atque
400 1927 480 1965 tegit
507 1927 537 1956 in
553 1925 627 1964 foco
648 1934 757 1965 corpus
780 1925 913 1962 infantis
927 1925 1044 1963 favilla
1066 1927 1205 1966 ardente,
1227 1930 1260 1956 ut
1283 1925 1368 1964 ignis
1390 1924 1549 1962 abstergat
1574 1923 1727 1954 sarcinam

883 1998 995 2009 eeeee
999 1999 1114 2010 mete

271 2039 374 2070 etiam
398 2039 454 2069 alii
478 2039 792 2070 mistae...sz'bi.——539
818 2039 936 2069 Heins.
967 2044 1082 2070 monet
1113 2039 1274 2070 Metanira
1304 2037 1486 2078 legendum
1513 2046 1607 2068 esse:
1633 2038 1726 2078 vulg.

270 2081 435 2113 edebatur
451 2082 633 2111 IVIenaliua:
656 2081 807 2118 Scaliger
834 2080 987 2110 Melarira
1015 2081 1162 2120 legebat,
1185 2080 1344 2119 Neapolis
1361 2079 1541 2110 Menalina:
1565 2079 1621 2110 alii
1648 2080 1719 2111 Me-

269 2124 368 2162 Ίιαῑὶα,
392 2123 544 2161 Il1elunia,
574 2123 744 2159 Melunira,
767 2122 922 2160 Melania,
947 2122 1214 2152 Materna—540
1236 2123 1375 2160 Jimgere
1397 2131 1438 2151 ex
1465 2121 1543 2151 edd.
1570 2122 1726 2162 plurimis

271 2170 307 2196 et
335 2166 472 2206 scriptis
489 2164 594 2203 magis
622 2166 733 2203 placet
763 2164 880 2193 Burni.
913 2172 1010 2203 quam
1029 2165 1117 2202 vulg.
1139 2165 1397 2202 Tangere—541
1423 2164 1522 2202 Vulg.
1551 2164 1726 2205 subitasque

271 2208 375 2238 vident
390 2208 445 2239 in.-
470 2207 526 2238 sed
552 2212 559 2223 ⁶
578 2207 684 2236 multo
700 2205 889 2245 elegantius
917 2205 995 2234 mihi
1024 2206 1156 2236 videtur
1183 2207 1283 2236 lectio
1310 2205 1468 2236 Vaticani
1495 2205 1628 2237 Codicis
1643 2208 1725 2238 subi-

273 2254 370 2290 tc'eqne
385 2250 488 2288 vigent
505 2250 537 2279 in
553 2260 579 2279 c.
607 2259 636 2278 v.
663 2249 885 2279 &trun—5:13
911 2247 968 2277 Pr.
988 2248 1050 2278 Ed.
1067 2258 1143 2278 cum
1170 2249 1224 2279 Fr.
1255 2248 1397 2288 aliisque
1421 2247 1556 2288 scriptis
1581 2249 1646 2280 hoec
1662 2259 1724 2289 pro

273 2293 337 2323 hoc.
361 2292 481 2323 Heius.
499 2292 590 2330 conj.
619 2291 696 2320 Tota
722 2292 753 2320 d.
770 2291 790 2320 l.
818 2300 844 2320 e.
867 2290 972 2319 domus
999 2294 1042 2319 est
1068 2294 1216 2321 rn.-545
1241 2291 1328 2321 Maz.
1355 2296 1390 2320 et
1408 2295 1475 2320 tres
1502 2290 1559 2320 alii
1574 2300 1649 2322 cum
1666 2292 1724 2323 Fr.

273 2344 360 2373 cong.
376 2335 584 2365 laclia—546
604 2331 845 2370 Teucriadae-is
861 2332 978 2362 Heius.
995 2331 1088 2363 (ledit
1102 2343 1142 2363 ex
1160 2333 1271 2363 Ursin.
1290 2333 1420 2363 Zulich.
1438 2336 1470 2363 et
1487 2331 1616 2364 duobus
1632 2334 1726 2373 aliis;

274 2376 482 2416 conjicitque
508 2374 740 2412 cereis-..surim
764 2375 852 2413 vulg.
880 2373 1043 2404 edebatur
1070 2375 1289 2412 ceris...faris:
1312 2375 1407 2406 multi
1434 2374 1516 2405 editi
1543 2379 1578 2406 et
1603 2376 1725 2416 scripti

273 2418 572 2450 ceris...suis.—·550
596 2417 763 2447 Treslibri
779 2426 878 2453 grem.
895 2416 1023 2447 sustinet
1046 2417 1214 2448 illm—551
1241 2417 1333 2448 Med.
1349 2427 1430 2448 man.
1455 2427 1584 2456 puerum
1609 2418 1726 2456 tersit;

275 2465 315 2491 tr.
333 2464 368 2491 et
383 2470 467 2490 unus
483 2461 588 2490 cussit.
614 2460 682 2489 Pro
698 2460 856 2498 permulsit
874 2458 1002 2488 Arnnd.
1021 2466 1052 2489 el
1072 2460 1154 2490 alius
1171 2460 1325 2490 demulsit.
1351 2459 1437 2490 Laeti
1448 2459 1534 2489 liber
1546 2460 1726 2499 permulsit.-

273 2504 312 2534 ud
329 2503 392 2533 lucc
407 2505 554 2534 tin—554
580 2502 631 2532 Au
658 2511 723 2532 non
742 2502 868 2531 rectius
888 2511 974 2540 opus,
992 2506 1028 2532 ut
1052 2503 1085 2532 in
1109 2512 1174 2533 uno
1192 2502 1324 2533 Heinsii
1340 2501 1457 2532 codice
1480 2503 1577 2533 erat?
1600 2512 1724 2544 corpus

930 2581 959 2612 N
966 2582 1067 2612 OTAE

270 2661 273 2665 -
318 2648 380 2676 545
403 2643 599 2684 Liquefacta]
630 2643 698 2674 Lac
714 2643 943 2683 coagulatum.
1027 2646 1147 2687 posito.

319 2697 382 2725 546
405 2694 525 2734 Aurea]
553 2693 667 2725 Aureo
684 2694 809 2724 colore.
1069 2700 1131 2728 550
1154 2695 1387 2738 Triptolemum]
1418 2694 1485 2729 Qui
1501 2694 1595 2728 Celei
1609 2693 1709 2728 filius.

319 2746 380 2777 547
408 2743 568 2786 Abstinet]
615 2743 671 2778 Ab
698 2743 787 2776 omui
813 2743 889 2776 cibo
915 2754 972 2786 ap-
