1773 3121
218 241 329 283 1660
698 253 740 282 P.
771 250 929 282 ovum
961 251 1176 283 NAsoms

216 346 314 387 Vos
335 345 434 387 date
454 349 692 399 perpetuos
712 346 868 386 teneris
888 347 1150 387 sementibus
1169 352 1350 388 auctus:

277 413 373 453 Nec
393 426 509 453 nova
530 426 606 466 per
628 412 794 465 gelidas
813 413 949 454 herba
967 415 1024 455 sit
1041 418 1138 455 usta
1156 415 1295 455 nives.

218 480 328 521 Cum
354 480 554 530 serimus,
576 479 738 521 coelum
756 481 900 521 ventis
919 482 1081 535 aperite
1103 484 1287 522 serenis:

276 546 385 588 Cum
406 548 526 597 latet,
548 547 741 588 aetherea
762 548 952 601 spargite
973 561 1115 588 semen
1140 562 1268 602 aqua.

218 614 345 655 Neve
367 627 519 666 graves
541 615 668 655 cultis
689 613 883 655 Cerealia
904 614 1018 655 dona
1038 619 1189 656 cavete

272 680 455 733 Agmine
479 681 642 722 laesuro
664 680 984 734 depopulentur
1003 694 1121 722 aves.

218 748 313 787 Vos
333 761 508 802 quoque
528 748 756 801 subjectis,
776 748 984 798 formicae,
1005 749 1170 801 parcite
1191 749 1356 801 granis:

277 815 385 856 Post
405 828 595 856 messem
613 815 777 867 praedae
800 815 933 867 copia
951 815 1090 867 major
1110 816 1201 855 erit.

216 881 393 922 Interea
412 885 580 922 crescat
600 881 765 920 scabrae
786 880 995 931 rubiginis
1016 893 1193 932 expers,

275 948 316 988 N
321 962 370 989 ec
392 949 501 988 vitio
523 947 626 987 coeli
646 946 812 999 palleat
831 946 951 997 aegra
971 958 1095 998 seges
1112 960 1122 987 t

215 1016 274 1055 Et
293 1027 432 1068 neque
454 1014 628 1054 deficiat
646 1013 801 1062 macie,
819 1025 961 1066 neque
981 1013 1187 1067 pinguior
1207 1026 1336 1067 aequo

274 1082 453 1122 Divitiis
474 1085 625 1133 pereat
644 1080 874 1120 luxuriosa
893 1080 997 1120 suis.
1198 1117 1204 1128 χ

215 1149 272 1190 Et
294 1151 468 1189 careant
486 1148 620 1196 loliis,
644 1147 800 1187 oculos
819 1147 1085 1196 vitiantibus,
1106 1146 1222 1198 agri3

273 1214 370 1255 Nec
392 1213 551 1254 sterilis
571 1213 686 1253 culto
708 1217 853 1265 surgat
872 1225 1010 1253 avena
1031 1212 1142 1252 solo.

1580 415 1664 455 680

1582 1082 1666 1124 690

215 1344 268 1364 nos
283 1332 331 1364 sui
354 1331 478 1363 laboris.
527 1331 587 1362 Vos
612 1332 684 1362 date
710 1331 896 1362 incrementa
924 1331 1069 1362 continua
1090 1331 1205 1362 teneris
1229 1330 1436 1368 sementibus;
1459 1341 1552 1372 neque
1576 1332 1668 1364 herba

214 1386 292 1406 noua
314 1376 356 1406 sit
377 1378 446 1405 usta
459 1384 514 1414 per
521 1373 661 1412 frigidus
674 1374 769 1404 nives.
817 1374 894 1403 Cum
916 1374 1091 1413 spargimus
1115 1374 1241 1413 semina,
1263 1376 1381 1414 aperite
1395 1374 1501 1404 coelum
1511 1375 1611 1406 ventis
1624 1385 1670 1406 se·

213 1419 319 1448 renis:
340 1427 407 1447 cum
425 1418 556 1455 tegitur,
570 1415 739 1455 diffundite
752 1416 889 1456 pluviam
914 1416 1062 1446 coelestem
1087 1417 1119 1445 in
1144 1416 1271 1446 semina.
1315 1417 1417 1455 Atque
1440 1417 1606 1456 prospicite
1629 1428 1668 1449 ne

214 1461 303 1490 alites
318 1460 500 1499 importante
525 1458 618 1488 cultis
639 1459 854 1497 zleproedentur
880 1467 1004 1487 munera
1036 1458 1177 1487 Cerealia
1204 1457 1293 1487 turba
1314 1457 1438 1494 infr-sta.
1486 1458 1546 1489 Vos
1559 1460 1667 1499 etiam,

206 1502 362 1539 fomuicae,
375 1500 523 1531 abstinete
533 1500 643 1539 granis
653 1500 820 1539 suppositis
833 1505 948 1530 terrae:
974 1500 1059 1539 copia
1072 1501 1186 1539 proedoe
1208 1499 1267 1529 erit
1282 1499 1411 1538 amplior
1429 1509 1448 1529 α
1462 1509 1567 1531 messe.
1613 1502 1666 1532 In-

214 1548 299 1573 terea
328 1553 414 1582 seges
441 1545 594 1581 augeatur
616 1542 711 1572 libem
729 1541 766 1572 ab
782 1542 863 1571 omni
879 1541 1023 1581 rubigine
1046 1551 1166 1581 aspera,
1186 1550 1279 1581 neque
1297 1541 1412 1580 paueat
1428 1542 1576 1580 languens
1589 1543 1669 1574 vilio

213 1587 292 1616 coeli.
339 1587 382 1616 Et
398 1594 494 1624 neque
506 1587 613 1624 pereat
629 1584 737 1621 macie,
752 1594 847 1623 neque
862 1584 963 1614 Ioetior
986 1594 1075 1623 quam
1100 1594 1157 1623 par
1177 1587 1234 1622 est,
1261 1583 1421 1614 luxuriosa
1435 1585 1586 1623 perdatur
1605 1586 1669 1617 suis

214 1628 345 1659 divitiis.
390 1629 494 1667 Atque
521 1627 592 1666 agri
616 1627 826 1657 destituantur
851 1626 933 1657 loliis
959 1626 1132 1656 creantibus
1145 1626 1311 1657 molestiam
1327 1626 1442 1663 oculis;
1462 1635 1559 1668 neque
1572 1637 1669 1659 avena

822 1708 1056 1720 aeaeaeaeaeaeaeaeaeaeaeae

215 1766 306 1795 tibus.
332 1765 417 1795 Mox
444 1763 577 1795 Zulich.
600 1772 667 1815 pro
695 1772 763 1794 var.
791 1763 868 1793 lect.
885 1763 968 1794 aeid.
996 1766 1109 1802 augete
1132 1764 1291 1794 σιώ-681
1318 1763 1373 1794 Fr.
1399 1773 1483 1804 aper.
1507 1774 1668 1797 serenum:

216 1817 302 1838 unus
322 1807 712 1837 Heins.secundis.—683
738 1805 804 1835 Alii
833 1805 938 1837 Codd.
968 1806 1003 1836 C.
1033 1816 1120 1844 rura,
1143 1807 1342 1837 culta.-—685
1369 1805 1552 1846 Gottorph.
1579 1817 1667 1848 quoq.

215 1849 398 1890 suppositis:
424 1850 479 1880 Fr.
489 1849 586 1886 form.
602 1848 727 1886 subject.
744 1848 876 1878 inverso
899 1848 1135 1878 ordine—687
1162 1849 1217 1879 Fr.
1244 1858 1336 1878 cresc.
1351 1848 1456 1879 messis
1470 1849 1537 1880 rub.
1551 1854 1586 1880 et
1600 1860 1667 1881 sca-

217 1892 279 1922 broe
296 1901 357 1932 pro
384 1901 454 1922 var.
483 1891 560 1921 1001.
585 1891 661 1920 Pet.
691 1890 868 1928 Robiginis,
886 1895 922 1920 ut
950 1891 1024 1920 Dea
1053 1890 1185 1929 Robigo
1212 1890 1540 1929 intelligatur.—688
1562 1892 1667 1923 Liber

215 1935 330 1964 Ursin.
342 1938 375 1963 et
392 1934 461 1963 Ma.
490 1933 563 1972 pall.
579 1933 640 1961 uua
655 1941 719 1969 seg.
739 1932 791 1961 Fr.
807 1941 826 1960 a
844 1941 893 1970 pr.
908 1941 996 1962 man.
1011 1935 1094 1969 usta,
1111 1930 1198 1972 quod
1214 1932 1387 1970 amplexus
1411 1931 1533 1963 fuisset
1547 1933 1666 1964 Heins.

216 1977 281 2006 nisi
299 1976 533 2016 praecessisset
561 1975 624 2003 hoc
654 1972 793 2003 verbum
810 1983 842 2004 v.
861 1976 934 2005 680.
951 1974 1048 2013 Conj.
1077 1974 1179 2004 etiam
1207 1974 1278 2004 uda.
1301 1973 1388 2004 Tum
1413 1982 1475 2013 pro
1500 1983 1586 2014 seges
1599 1975 1666 2007 duo

872 2068 1011 2098 NOTAE

260 2142 320 2170 677
345 2138 481 2178 Satiate]
506 2137 558 2167 Ad
576 2138 666 2168 Deas
683 2138 773 2178 ipsas
790 2138 911 2168 oratio-

218 2200 293 2221 nem
311 2188 480 2219 convertit
497 2188 618 2218 Poeta.

260 2243 323 2270 678
348 2238 472 2277 Cultus]
496 2237 650 2276 Laboris,
665 2246 762 2277 quem
780 2238 812 2268 in
827 2238 914 2268 subi-

219 2289 338 2330 gendis
354 2293 389 2318 et
404 2286 555 2318 serendis
572 2287 660 2325 agris
676 2293 871 2327 posuerunt.

260 2341 320 2369 681
351 2336 472 2375 Ventis]
494 2335 523 2366 A
541 2335 660 2376 quibus
677 2336 914 2377 dispergantur

218 2389 335 2420 nubes.

259 2440 322 2468 683
346 2436 452 2476 Domi]
476 2436 609 2466 Semina
624 2435 707 2476 ipsa.

259 2491 321 2519 685
351 2487 425 2526 Vos]
447 2486 664 2526 Apostrophe
679 2486 719 2516 ad
736 2486 903 2519 formicas.

261 2540 323 2569 687
346 2536 469 2568 Scabroe
484 2536 652 2575 rubiginis]
670 2536 807 2576 Aspera>
824 2537 914 2567 rubi-

220 2587 363 2628 ginis‚de
377 2588 405 2617 lu
421 2587 529 2616 niella:
548 2595 621 2625 quae
635 2595 677 2615 ex
693 2586 779 2616 Solis
792 2586 914 2617 ardore

220 2639 342 2675 oritur,
356 2646 430 2667 cum
447 2637 480 2667 in
497 2635 703 2666 madefactos
727 2636 854 2666 culmos
871 2636 915 2666 in·

222 2687 320 2719 cidit.
816 2689 820 2691 “

263 2740 326 2768 688
355 2735 455 2775 Vitio]
477 2735 574 2766 Aeris
588 2734 802 2774 intemperie.
825 2734 834 2750 ‘
851 2734 914 2764 Ar-

223 2785 305 2818 bore
320 2795 410 2818 nunc
426 2795 530 2828 aquas
546 2785 727 2826 Culpante,
741 2793 830 2815 nunc
848 2787 915 2815 tor-

967 2138 1078 2168 rentia
1095 2148 1191 2178 agros
1207 2138 1340 2177 Sidera,
1352 2148 1440 2170 nunc
1455 2139 1591 2180 hyemes
1607 2139 1667 2171 ini-

968 2197 1050 2228 quas
1064 2188 1083 2218 ι’
1116 2188 1278 2228 siquidem
1306 2198 1387 2219 vera
1418 2190 1589 2222 sententia
1612 2196 1665 2222 est

968 2237 1093 2268 Flacci.

1011 2290 1074 2318 689
1096 2288 1217 2329 Macie]
1239 2289 1291 2319 Ex
1305 2289 1470 2320 tenuitate
1492 2293 1528 2321 et
1542 2289 1666 2321 sterili·

969 2342 1053 2368 tate.

1009 2391 1072 2419 690
1103 2389 1294 2428 Luxuriosa]
1352 2387 1505 2419 Maronis
1533 2387 1666 2429 legibus

968 2438 1216 2478 compescenda
1231 2438 1335 2468 etiam
1353 2442 1388 2469 et
1412 2437 1546 2478 frugum
1561 2442 1597 2468 et
1611 2446 1664 2468 ar-

968 2487 1085 2517 borum
1115 2487 1264 2516 luxuries
1278 2497 1286 2516 :
1324 2486 1482 2527 idemque
1512 2485 1600 2516 ratio
1629 2490 1666 2518 et

967 2536 1180 2576 experientia
1195 2535 1350 2566 suadent.

1009 2588 1069 2616 691
1088 2584 1224 2623 Lolium]
1246 2584 1346 2615 AEra:
1364 2586 1400 2615 de
1415 2583 1556 2616 l'ivraie:
1572 2585 1663 2625 quod

967 2634 1103 2674 quidem
1121 2633 1312 2663 vilissimum
1333 2633 1485 2664 triticum
1501 2643 1568 2664 non
1585 2643 1664 2666 ocu·

968 2684 1016 2714 los
1033 2682 1143 2723 modo,
1157 2683 1214 2713 sed
1232 2688 1336 2724 caput
1352 2688 1387 2714 et
1416 2687 1524 2714 totum
1539 2691 1664 2725 corpus

965 2738 1095 2774 gravat.

1009 2785 1072 2816 692
1087 2782 1215 2815 Stet-ilis
1230 2782 1340 2824 avena]
1355 2783 1364 2801 ‘
1380 2782 1545 2825 AEgilops'
1558 2792 1580 2814 a
1593 2781 1664 2815 Pii-
