1773 3121
236 172 350 216 1834
724 181 764 212 Ρ.
796 179 955 210 ovmu
989 178 1201 211 NAsoNrs

238 277 300 318 Di
321 289 497 331 quoque
514 275 705 316 cultores
728 275 859 327 gelidi
880 288 1036 317 venere
1053 274 1207 328 Lycei,

296 344 355 384 Et
374 345 639 397 quicumque
651 342 748 397 joci
765 356 852 383 non
873 344 1042 384 alienus
1059 346 1177 383 erat:

239 411 401 459 Panes,
424 415 466 450 et
483 412 526 451 in
546 409 762 451 Venerem
785 410 1039 464 Satyrorum
1058 421 1193 463 prona
1207 407 1412 461 juventus
1429 420 1439 457 3

297 476 499 531 Quaeque
521 479 671 519 colunt
686 490 852 527 amneS,
875 477 1056 530 solaque
1077 489 1189 525 rura,
1215 475 1342 516 Deae.

239 543 432 585 Venerat
450 550 496 585 et
514 545 655 585 senior
673 544 822 598 pando
843 544 1020 584 Silenus
1040 543 1196 592 asello,

299 610 474 665 Quique
493 613 623 652 rubro
643 610 831 665 pavidas
851 611 1024 663 inguine
1045 615 1173 651 terret
1194 623 1312 652 aves,

243 678 410 720 Dulcia
430 679 503 733 qui
524 679 696 732 dignum
718 692 874 719 nemus
893 679 938 718 in
960 678 1164 719 convivia
1184 678 1302 719 nacti

300 744 510 786 Gramine
533 746 701 786 vestitis
719 746 966 785 accubuere
984 745 1108 785 toris.

247 811 361 852 Vina
381 813 513 852 dabat
533 812 687 852 Liber:
719 813 876 852 tulerat
897 811 983 851 sibi
1003 811 1190 864 quisque
1210 823 1431 852 coronam.

301 877 561 919 Miscendas
581 891 714 931 parce
734 878 857 918 rivus
879 878 1035 930 agebat
1055 890 1214 930 aquas.

1606 271 1691 314 395

1613 609 1697 649 400

243 1015 503 1055 cultoresfrigidi
518 1015 638 1057 Lycoei,
653 1019 682 1047 et
698 1015 835 1056 quisquis
850 1025 911 1046 non
926 1018 993 1046 erat
1004 1015 1222 1055 alienusjocis‚
1237 1019 1451 1048 convenerunt.
1484 1017 1599 1053 Panes,
1615 1016 1705 1055 etja-

244 1063 353 1090 rentus
368 1060 554 1099 Satyrorum
568 1058 736 1098 proclivis'
725 1068 757 1089 m
779 1059 878 1089 Venel
880 1068 937 1097 em
953 1061 984 1088 et
1007 1058 1086 1088 Dece
1103 1069 1170 1098 quae
1177 1058 1383 1098 frequentant
1389 1059 1506 1099 fluizos
1518 1063 1547 1090 et
1563 1069 1638 1090 rma
1653 1061 1703 1090 de-

244 1112 294 1132 εέι
297 1104 331 1132 ιιι
346 1111 448 1132 venel
452 1106 520 1131 ant.
566 1101 687 1131 Aderat
698 1111 811 1148 quoque
824 1100 950 1131 Silenus
961 1101 1062 1130 senior
1074 1101 1163 1131 incur
1165 1111 1199 1130 vo
1211 1102 1316 1140 asello,
1327 1103 1417 1142 etqui
1432 1102 1547 1133 incutit
1563 1102 1705 1132 timorem

246 1144 352 1174 avibus
368 1143 492 1183 paridis
515 1143 606 1173 ²¹·ubto
622 1144 762 1182 inguine.
811 1143 875 1177 Qui
899 1143 984 1172 nacti
998 1144 1116 1182 sylvam
1131 1147 1236 1182 aptam
1249 1143 1282 1173 in
1299 1147 1395 1183 grata
1411 1145 1550 1175 convivia
1564 1145 1707 1175 accubue-

246 1189 320 1217 runt
336 1186 423 1217 lectis
439 1185 561 1216 vestitis
572 1185 729 1224 gramine.
773 1185 917 1215 Bacchus
923 1185 1082 1224 praebebat
1097 1195 1213 1216 merum
1225 1195 1237 1222 ‚·
1259 1186 1376 1225 singuli
1391 1188 1527 1218 tulerant
1538 1186 1599 1218 sibi
1613 1189 1708 1218 serta.

859 1269 1097 1281 eeeeeeeeeeee

249 1323 387 1355 Deinde
406 1334 465 1365 pro
484 1325 571 1365 vulg.
598 1324 769 1356 celebrabat
797 1325 877 1355 Pet.
907 1330 941 1355 et
969 1325 1013 1356 0.
1040 1325 1203 1356 exhibent
1220 1325 1410 1356 celebrabas.-
1433 1329 1466 1356 at
1481 1334 1566 1355 unus
1581 1325 1618 1355 F.
1634 1326 1710 1356 cele-

249 1366 394 1398 brabant.
398 1370 501 1397 —395
527 1368 685 1398 Plurimae
706 1367 791 1398 Edd.
808 1368 856 1397 Di
871 1377 959 1406 quoq.
973 1367 1048 1397 cult.
1064 1368 1097 1397 in
1120 1368 1200 1398 idem
1217 1378 1245 1398 υ.
1260 1369 1367 1408 Lycei.
1389 1368 1506 1399 Ursini
1522 1372 1558 1398 et
1574 1367 1710 1398 Petavii

246 1408 338 1440 liber
365 1419 440 1440 cum
470 1410 583 1440 multis
604 1410 691 1448 aliis,
718 1410 818 1450 Isyoei.
864 1409 1033 1440 Mazarin.
1061 1410 1208 1449 optimus
1236 1419 1312 1440 cum
1338 1409 1447 1440 tribus
1472 1410 1548 1440 aliis
1565 1419 1657 1448 vere,
1674 1414 1711 1440 ut

250 1455 346 1491 puto,
358 1452 455 1490 gelzdz
469 1453 580 1491 Lycei
604 1453 650 1483 sic
680 1433 766 1482 silet.
788 1460 811 1482 1.
828 1454 903 1482 217.
938 1452 946 1468 ‘
965 1451 1081 1482 Gelidi
1108 1452 1226 1492 pineta
1252 1453 1366 1491 Lycei'
1394 1452 1492 1490 dixit,
1521 1455 1556 1482 et
1584 1460 1618 1482 v.
1636 1454 1711 1482 608.

250 1493 438 1525 Gelidum
456 1495 689 1525 Erimanthon.
695 1494 702 1506 ’
732 1494 897 1533 Virgilius
914 1495 988 1525 Ecl.
1005 1503 1040 1524 x.
1062 1497 1109 1525 15.
1144 1494 1288 1526 ‘Gelidi
1304 1493 1473 1525 fleverunt
1487 1503 1569 1525 saxa
1584 1494 1711 1535 Lyceil

250 1537 403 1577 Sequens
430 1537 477 1566 dis
481 1537 596 1568 tichon
613 1537 740 1567 rectius
756 1537 834 1567 liuic
862 1541 1093 1577 praeponatur.
1117 1537 1230 1567 Heius.
1277 1537 1421 1568 Nemoris
1437 1547 1466 1568 v.
1484 1536 1580 1577 Lycei
1596 1537 1659 1567 Be.
1676 1540 1713 1568 el:

252 1579 318 1610 duo
336 1579 510 1610 alth—396
534 1579 573 1610 In
590 1580 738 1620 antiquis
755 1579 1031 1619 legebatirrjocz';
1053 1580 1223 1610 nonnullae
1251 1583 1364 1610 autem
1389 1579 1476 1611 Edd.
1493 1580 1569 1610 loci.-
1595 1579 1712 1610 Ursini

254 1621 340 1653 cod.
357 1626 394 1652 et
412 1622 650 1662 Naugerianus
667 1632 741 1653 eum
756 1622 829 1652 aliis
845 1622 1047 1663 quibusdam
1064 1632 1166 1659 mero;
1190 1626 1224 1653 et
1241 1622 1330 1653 idem
1346 1622 1460 1653 Ursin.
1477 1623 1551 1653 locis
1565 1631 1627 1662 pro
1644 1631 1712 1653 var.

252 1665 330 1695 lect.
348 1664 437 1705 quod
456 1665 533 1696 Pet.
551 1675 684 1706 quoque
711 1669 748 1696 et
774 1674 834 1695 sex
863 1665 919 1695 alii
946 1670 1156 1704 agnoscunt:
1192 1670 1228 1696 at
1252 1665 1368 1697 Heins.
1394 1665 1511 1696 mallet
1525 1664 1713 1703 joci.-—400

255 1706 346 1738 Olim
363 1707 541 1747 legebatur
558 1709 622 1744 Qui
642 1708 792 1747 rubroque
807 1708 913 1738 avidas
927 1708 993 1746 ing.
1020 1708 1139 1738 Heins.
1167 1708 1288 1738 scribit
1316 1718 1391 1738 cum
1420 1707 1590 1748 plerisque
1620 1707 1714 1748 Quiq.

252 1749 359 1789 rubro,
375 1750 429 1780 vel
445 1751 548 1789 ruber,
563 1751 714 1791 pavida85
738 1750 851 1781 Ursin.
869 1750 958 1781 enim
986 1755 1021 1781 et
1042 1755 1113 1781 tres
1140 1750 1195 1781 alii
1218 1751 1343 1781 liabent
1367 1750 1482 1781 ruber:
1515 1751 1591 1781 Pet.
1620 1749 1715 1790 Quiq.

253 1791 350 1823 rubro
366 1793 494 1824 lividas.-
518 1794 558 1825 P.
576 1804 672 1832 unus,
689 1798 724 1824 et
748 1794 912 1833 Excerpt.
930 1792 1121 1824 Kloe’khov.
1149 1793 1240 1834 Quiq.
1267 1794 1378 1824 rubens
1392 1793 1521 1829 avidam
1543 1797 1579 1824 et
1594 1793 1642 1824 sic
1657 1793 1712 1823 Fr.

255 1835 319 1866 nisi
337 1836 425 1875 quod
439 1835 478 1865 τὸ
493 1846 512 1866 n
529 1837 561 1867 in
577 1836 688 1866 rubens
703 1840 755 1866 est
772 1846 792 1865 a
807 1845 895 1867 man.
916 1845 982 1865 sec.
1000 1836 1118 1866 Heius.
1135 1836 1235 1866 etiam
1262 1840 1360 1876 putat
1383 1845 1481 1875 posse
1507 1835 1575 1876 legi
1589 1835 1715 1866 ruber...

258 1878 505 1917 ἠμάτιαι-402
528 1879 624 1909 Unus
654 1879 743 1908 Mor.
768 1882 803 1908 et
830 1878 914 1908 alius
941 1880 1016 1907 vest.
1042 1877 1207 1908 incubuere
1232 1881 1291 1908 tor.
1316 1878 1382 1908 duo
1397 1877 1603 1913 concubuere;
1626 1877 1666 1908 P.
1681 1882 1717 1908 et

258 1919 424 1960 Excerpt.
439 1921 540 1952 Voss.
556 1920 838 1951 occubuere.—404
862 1920 965 1950 Parce
980 1920 1095 1950 Burm.
1112 1919 1207 1950 dedit
1226 1929 1269 1950 ex
1286 1921 1384 1951 Voss.
1403 1919 1532 1951 Arund.
1549 1919 1716 1960 Excerpt.

914 2014 1059 2046 NOTAE

261 2090 390 2122 fascino
400 2099 460 2121 suo
469 2090 653 2130 turpissimi
667 2091 730 2121 Dei
743 2090 775 2121 in
786 2090 962 2121 hortorum

260 2142 375 2173 limine
391 2146 502 2172 statua
519 2141 610 2172 rudis
625 2141 826 2181 ponebatur.

306 2195 368 2224 393
393 2192 503 2232 Festa]
539 2193 703 2223 Fabulam
730 2192 860 2232 occipit
888 2201 965 2222 nar-

263 2252 350 2283 rare,
366 2252 409 2274 ex
431 2252 497 2283 qua
512 2243 598 2273 sacri
619 2242 858 2274 antecedentis
872 2243 965 2283 origo

266 2297 501 2335 cognoscatur.

309 2341 534 2383 Corymbiferi]
562 2341 750 2383 Corymbus
766 2342 896 2374 fructus
913 2346 965 2374 est

263 2392 412 2432 hederae,
422 2402 463 2422 ex
478 2402 544 2433 qua
556 2392 691 2424 Baccho
704 2402 839 2425 coronae
851 2397 965 2424 necte-

266 2444 401 2475 bantur.

308 2495 371 2524 394
404 2492 527 2532 Tertia]
565 2492 679 2522 Tertio
709 2491 796 2522 enim
832 2502 966 2533 quoque

268 2552 368 2583 anuo,
404 2543 548 2574 brumali
583 2548 748 2581 ternpore,
779 2543 967 2574 Trieterica

268 2593 404 2626 Baccho
420 2594 541 2634 majori
556 2593 761 2624 solennitate
777 2602 877 2633 quam
901 2593 967 2624 alia

270 2644 343 2685 ejus
358 2643 460 2683 festa,
473 2644 505 2674 in
519 2642 745 2683 expeditionis
760 2642 884 2673 Iudicae
897 2653 967 2674 me-

263 2694 408 2725 moriam
418 2693 565 2726 triennio
581 2697 741 2734 peractae,
751 2693 969 2724 celebraban-

269 2748 338 2777 ¹tur.
383 2745 461 2778 Qua
490 2744 524 2776 in
555 2753 603 2785 re,
633 2743 662 2775 si
691 2747 804 2775 tamen
827 2743 968 2776 aliorum

487 2804 495 2820 Ι

1017 2090 1183 2121 veriorem
1206 2091 1410 2122 sententiam
1426 2090 1522 2132 sequi
1545 2101 1648 2131 amas,
1662 2100 1718 2123 au-

1018 2149 1083 2170 nua
1120 2138 1226 2171 fuisse
1263 2141 1336 2171 haec
1374 2140 1505 2172 Bacchi
1540 2150 1638 2172 sacra
1673 2151 1716 2172 ne

1019 2189 1166 2221 dubites.
1209 2190 1373 2222 Trieteris
1403 2190 1493 2221 enim
1518 2190 1600 2221 nihil
1627 2190 1718 2222 aliud

1020 2239 1086 2271 fuit
1114 2251 1211 2282 quam
1243 2246 1312 2272 tres
1342 2241 1421 2272 anni
1445 2240 1720 2282 quadrimestres,

1019 2301 1078 2322 seu
1095 2291 1161 2322 duo
1183 2296 1377 2323 semestres.

1063 2344 1124 2373 395
1150 2342 1261 2382 Lycei]
1286 2342 1354 2375 Qui
1371 2351 1465 2373 mons
1477 2340 1544 2373 fuit
1560 2340 1718 2372 Arcadiae

1020 2392 1108 2423 Pani
1125 2393 1203 2423 Deo
1216 2401 1322 2423 sacer.

1062 2444 1124 2472 397
1149 2441 1268 2481 Panes]
1296 2442 1416 2482 Fauni,
1429 2441 1581 2481 Sylvani‚
1593 2440 1636 2471 de
1650 2440 1721 2482 qui-

1021 2492 1082 2523 bus
1100 2491 1211 2522 toties.

1064 2541 1263 2582 Satyrorum]
1313 2541 1379 2573 Qui
1408 2540 1536 2572 Bacchi
1566 2540 1720 2580 comites,

1020 2593 1144 2624 Faunis
1159 2592 1294 2623 similes.

1065 2645 1129 2674 399
1152 2642 1287 2684 Silenus]
1317 2642 1444 2673 Bacchi
1461 2641 1528 2673 fuit
1550 2642 1721 2680 nutritius,

1023 2692 1722 2733 paedagogus,etcomesassiduus,semper

1023 2742 1149 2782 ebrius,
1176 2752 1274 2784 quem
1298 2747 1411 2774 tamen
1427 2742 1541 2784 Satyri
1562 2745 1721 2784 tanquam
