1773 3121
180 229 294 272 1912
670 241 713 271 P.
744 240 901 271 ovmn
935 240 1146 271 NAsoms

182 336 227 378 N
231 350 282 378 ec
302 340 448 378 tamen
467 335 562 378 haec
582 335 708 386 ultra,
730 350 861 390 quam
881 339 946 377 tot
967 336 1020 376 de
1040 347 1188 376 mense
1208 335 1425 388 supersint

239 403 448 453 Luciferi,
468 408 576 457 quot
595 404 750 444 habent
770 405 961 445 carmina
980 407 1130 444 nostra
1149 402 1298 456 pedes.

185 457 333 520 Hanc,
356 471 460 523 quia
474 470 595 523 justa
615 470 769 520 ferunt,
790 471 941 512 dixere
964 470 1135 511 Feralia
1148 470 1311 513 lucem.
1597 513 1607 517 ,,

241 538 408 578 Ultima
428 538 660 592 placandis
683 538 889 580 Manibus
910 539 986 579 illa
1007 537 1114 579 dies,
1539 539 1626 580 570

180 604 297 645 Ecce
316 617 422 646 anus
442 606 486 645 in
505 605 660 646 mediis
680 605 875 647 residens
896 617 1061 647 annosa
1080 604 1253 657 puellis,

238 671 373 713 Sacra
392 671 498 713 facit
517 671 710 713 Tacitae:
741 673 819 713 vix
838 676 985 714 tamen
1000 672 1101 726 ipsa
1120 675 1255 713 tacet.

181 737 237 779 Et
256 738 402 791 digitis
421 740 506 780 tria
525 739 652 780 thura
669 740 808 780 tribus
829 741 911 781 sub
930 739 1078 781 limine
1094 739 1236 792 ponit,

237 803 339 854 Qua
359 806 503 846 brevis
525 807 748 846 occultum
766 818 864 846 mus
886 807 971 847 sibi
992 805 1097 847 fecit
1116 806 1215 847 iter.

177 938 229 969 tis.
275 938 381 979 Neque
405 942 508 970 tamen
533 939 596 970 haec
621 940 704 969 ultra
719 949 809 979 quam
824 942 871 970 tot
886 939 952 969 dies
965 941 1081 970 restent
1096 940 1134 971 de
1149 947 1260 977 mense,
1277 941 1349 978 quot
1364 939 1502 971 carmina
1517 944 1625 972 nostra

177 980 288 1010 habent
299 983 401 1020 pedes.
452 982 643 1013 Vocaverunt
657 981 734 1012 hanc
743 982 824 1012 diem
831 981 950 1020 feralia
955 1004 964 1020 ,
977 981 1165 1021 quiaserunt
1171 980 1272 1018 justa.
1316 981 1378 1012 Illa
1392 982 1460 1012 dies
1470 986 1626 1022 postrema

183 1022 310 1053 Umbris
331 1024 502 1063 placandis.
549 1025 631 1055 Ecce
650 1034 726 1054 anus
738 1027 884 1064 provecta
898 1027 991 1054 oetate
1005 1027 1090 1054 stans
1112 1024 1145 1053 in
1161 1023 1269 1053 mediis
1289 1023 1402 1063 puellis
1415 1024 1512 1061 refert
1536 1034 1626 1056 sacra

181 1064 320 1101 Tacitoe;
342 1066 410 1105 ipsa
433 1070 536 1097 tamen
554 1076 636 1105 aegre
651 1069 743 1098 tacet.
788 1068 892 1107 Atque
903 1066 991 1106 ponit
1007 1066 1071 1097 triu
1094 1065 1186 1096 thura
1202 1065 1301 1096 tribus
1315 1066 1426 1105 digitis
1439 1067 1492 1097 sub
1507 1066 1625 1107 limine,

178 1116 237 1146 qua
259 1117 373 1148 parvus
396 1118 463 1140 mus
484 1109 611 1149 paravit
632 1109 693 1140 sibi
719 1109 824 1141 callem
849 1112 1011 1140 secretum.
1060 1109 1137 1140 Tum
1161 1108 1257 1139 nectit
1281 1108 1355 1139 licia
1380 1111 1506 1140 cantata
1533 1109 1625 1148 nigro

781 1202 1015 1215 eeeeeeeeeeee

176 1276 237 1307 pro
254 1270 401 1299 et.—566
418 1267 598 1308 Gottorph.
616 1269 691 1301 Err.
705 1279 784 1300 nunc
793 1279 888 1309 parvo
896 1279 979 1310 pasc.
996 1274 1031 1301 et
1047 1269 1088 1301 P.
1104 1269 1366 1309 imposita—56⁷
1379 1269 1435 1301 Sic
1448 1270 1568 1302 Heius.
1582 1280 1625 1302 ex

176 1309 370 1340 melioribus
384 1320 430 1341 vs.
443 1310 578 1350 refingit
591 1322 600 1349 ;
625 1312 680 1343 alii
698 1313 765 1342 Nec
776 1316 801 1343 t.
816 1312 870 1343 hoc
893 1323 923 1344 u.
940 1322 1029 1352 quam
1040 1322 1107 1342 cum
1120 1313 1150 1344 d.
1163 1322 1201 1342 m.
1213 1313 1384 1352 supernum
1407 1312 1460 1342 vel
1476 1312 1578 1343 etiam
1591 1323 1622 1344 u.

172 1362 240 1381 cum
263 1354 307 1382 tot
329 1353 359 1383 d.
385 1353 486 1383 velut
509 1354 564 1384 Fr.
577 1363 668 1392 quam
689 1357 883 1393 quot.——569
908 1355 1062 1394 Scaliger
1078 1364 1164 1385 corr.
1180 1354 1289 1384 dicunt
1309 1363 1371 1393 pro
1397 1355 1624 1386 dixere-570

171 1394 298 1426 thiiau.
315 1399 351 1425 et
367 1394 554 1434 Hauiburg.
574 1396 702 1434 Optima
710 1397 896 1435 plac.-571
926 1397 1112 1436 Gottorph.
1124 1397 1217 1427 resid.
1233 1396 1383 1434 animosa,
1397 1396 1487 1426 unde
1502 1396 1622 1427 Heius.

172 1437 257 1476 conj.
278 1438 391 1476 vinosa,
416 1436 468 1467 vel
481 1440 748 1479 pannosa—573,
762 1438 804 1468 V.
821 1443 855 1468 et
877 1443 967 1478 post.
991 1438 1055 1469 Ed.
1080 1438 1308 1479 Aldin.3thur.
1330 1437 1421 1468 simul
1442 1438 1508 1470 sub.
1523 1439 1622 1470 Voss.

829 1554 862 1586 N
869 1552 971 1585 OTAE

172 1636 243 1661 tum
260 1639 372 1662 errare
388 1640 493 1663 annos
515 1641 678 1673 neeesse;
700 1643 810 1676 neque
827 1635 869 1665 ad

171 1682 244 1712 haee
262 1691 370 1721 sacra,
384 1687 567 1724 utcumque
583 1684 760 1724 horrenda,
775 1690 811 1716 et
827 1685 868 1717 ab

170 1733 302 1772 impuro
324 1734 444 1775 spiritu
466 1734 624 1776 conficta,
646 1735 871 1768 admitteban-

174 1787 240 1813 tur.

213 1836 275 1864 566
302 1834 461 1876 Pascitur]
498 1835 638 1868 Scilicet
674 1836 718 1868 ad
751 1838 867 1879 epulas

170 1884 307 1915 venient
322 1884 378 1925 qui
395 1891 513 1916 carent
529 1896 683 1927 corpore.

211 1936 272 1964 567
296 1934 391 1975 Haec]
406 1935 460 1966 De
474 1936 644 1967 erroribus
660 1936 866 1968 Umbrarum

172 1983 332 2022 loquitur.

213 2032 314 2066 Quam
327 2033 390 2073 tot]
414 2033 620 2074 Conjectura
635 2045 719 2075 opus
735 2040 787 2067 est
801 2036 864 2067 hoe

167 2081 200 2110 in
218 2081 420 2122 loco‚qua1n
444 2092 487 2113 ex
512 2083 681 2116 illustriss.
718 2086 865 2125 Neapoli

168 2135 259 2170 peto.
303 2130 501 2171 Suspicatus
531 2138 584 2164 est
612 2136 663 2165 12.
690 2135 863 2166 Kalendas

167 2180 270 2211 Mart.
287 2181 442 2212 ultimum
456 2181 560 2213 fuisse
578 2183 668 2215 diem
690 2194 755 2225 quo
777 2183 863 2216 fera-

165 2230 251 2261 libus
269 2231 372 2261 sacris
396 2232 657 2265 incumbendum
675 2240 779 2275 esset,
794 2236 864 2277 qni-

168 2280 227 2310 bus
244 2280 379 2321 quidem
407 2282 537 2322 aliquot
562 2289 641 2315 ante
670 2284 787 2316 diebus
810 2296 863 2317 va·

165 2339 243 2361 care
259 2330 390 2362 liceret.
424 2331 540 2373 Atque
556 2334 604 2364 ita
619 2334 774 2366 undecim
790 2335 862 2367 dies

166 2382 390 2413 remanebunt
420 2392 439 2414 e
469 2393 605 2423 mense;
648 2385 720 2426 ipso
750 2390 862 2417 tamen

163 2429 319 2460 feralium
336 2431 390 2462 die
407 2434 662 2474 comprehenso.

205 2483 268 2511 568
305 2482 388 2516 Quot
422 2483 549 2524 habene]
588 2486 760 2526 Siquidem
794 2497 860 2519 non

166 2536 278 2561 errant
294 2530 432 2562 Umbrae
450 2534 538 2564 ultra
552 2544 650 2574 quarn
667 2536 793 2567 deinde
810 2542 863 2569 tot

165 2582 237 2613 dics
254 2584 424 2623 supersint
449 2594 491 2614 ex
521 2595 634 2617 mense
664 2587 862 2629 Februario,

165 2637 247 2671 quot
263 2633 367 2672 pedes
388 2635 533 2666 carmina
551 2636 617 2666 ista
640 2636 778 2676 habent,
802 2648 859 2669 un-

165 2683 275 2713 decim
299 2686 393 2713 certe
422 2693 598 2724 superesse
624 2695 764 2717 necesse
786 2693 857 2726 est;

167 2736 217 2760 ιυι
235 2732 323 2762 enini
340 2736 499 2763 constant
524 2733 666 2773 pedibus
689 2735 862 2767 Hexame-

168 2787 218 2811 ter
234 2788 267 2812 et
284 2783 506 2814 Penta-meter
523 2793 530 2814 :
547 2787 647 2825 atque
665 2784 750 2816 adeo
762 2795 863 2826 qnan-

924 1642 1022 1674 quam
1049 1642 1068 1664 a
1092 1632 1263 1664 veteribus
1288 1631 1505 1663 Kalendariis
1526 1631 1624 1663 aber-

924 1690 977 1716 ret
994 1685 1098 1722 Naso,
1114 1694 1179 1715 non
1196 1683 1369 1724 potuerint
1384 1683 1489 1726 ipsius
1505 1682 1624 1715 feralia

924 1736 1014 1767 ultra
1025 1737 1075 1766 12.
1089 1734 1261 1766 Kalendas
1278 1734 1420 1766 Martias
1437 1733 1592 1774 proferri.

965 1788 1029 1817 569
1052 1785 1161 1826 Hanc]
1183 1783 1434 1815 Duodecimam
1457 1783 1540 1815 dicit
1553 1785 1624 1815 Ka-

922 1837 1039 1868 lendas
1055 1836 1160 1867 Mart.
1178 1845 1238 1867 seu
1253 1834 1429 1865 Februarii
1453 1834 1622 1866 decimum

921 1892 1080 1919 octavum
1111 1886 1213 1924 diem,
1240 1888 1278 1916 ut
1309 1894 1522 1916 numeramus
1547 1893 1620 1923 nos,

921 1947 987 1978 quo
1003 1937 1120 1967 feralia
1135 1935 1410 1967 absolvebantur.

961 1986 1070 2026 Justa]
1104 1987 1153 2016 Eo
1183 1984 1318 2015 nomine
1345 1993 1444 2014 sacra
1470 1983 1621 2024 appella»

919 2036 1054 2075 bantur,
1071 2045 1146 2077 quae
1172 2034 1245 2065 Diis
1272 2032 1432 2064 Manibus
1452 2033 1623 2073 persolve-

917 2086 1062 2117 bantur:
1101 2086 1135 2116 in
1163 2084 1284 2125 quibus
1321 2083 1458 2114 solenne
1491 2081 1620 2123 aliquid

917 2134 1053 2176 offerre,
1079 2138 1115 2166 et
1143 2144 1186 2165 ex
1212 2132 1488 2175 praecedentibus
1516 2141 1620 2174 appa-

918 2191 980 2216 ret.

959 2239 1022 2267 570
1045 2235 1121 2275 Illa]
1144 2233 1321 2265 Februarii
1343 2233 1465 2264 mensis
1488 2232 1620 2264 decima

916 2291 1049 2325 octava,
1066 2285 1214 2322 scilicet,
1230 2293 1329 2325 quam
1346 2284 1495 2315 ultimam
1509 2283 1620 2315 Mani-

917 2336 977 2368 bus
993 2335 1170 2376 placandis
1185 2335 1269 2366 dicit
1285 2343 1374 2365 esse.

960 2390 1022 2419 571
1045 2386 1147 2426 Anus]
1171 2387 1240 2417 Per
1256 2385 1328 2415 dies
1343 2383 1468 2415 ferales
1490 2383 1618 2414 Tacitae

918 2438 1018 2477 Deae,
1042 2448 1116 2477 quae
1142 2441 1178 2468 et
1199 2436 1311 2474 Muta,
1326 2439 1362 2465 et
1376 2436 1478 2473 Lara,
1492 2439 1528 2465 et
1544 2433 1618 2464 Ma-

917 2489 973 2518 nia
989 2488 1092 2526 dicta,
1123 2486 1234 2516 nescio
1266 2485 1347 2525 quid
1373 2483 1551 2523 magicum,
1574 2482 1617 2512 ad

916 2536 1178 2577 compescendas
1203 2533 1454 2565 detrahentium
1474 2533 1618 2572 linguas,

918 2587 1103 2627 parabant3
1130 2584 1219 2624 quod
1251 2583 1426 2623 deinceps,
1449 2582 1548 2612 modo
1573 2591 1617 2612 ne

915 2637 1038 2674 rideas,
1054 2641 1111 2665 aut
1127 2633 1223 2673 fleas,
1239 2643 1258 2664 a
1278 2633 1415 2664 Nasone
1433 2632 1562 2663 audies,

959 2688 1022 2716 572
1053 2684 1130 2724 Vix]
1153 2684 1283 2714 Taceat
1310 2682 1441 2713 vetula!
1467 2682 1618 2715 Prunam

917 2736 1017 2768 citius
1035 2745 1093 2766 ore
1110 2733 1298 2765 retinuerit.
1344 2753 1346 2755 -

960 2788 1022 2817 673
1050 2785 1125 2816 Tria
1140 2783 1250 2824 thura]
1270 2782 1352 2815 Tria
1369 2782 1476 2817 thuris
1491 2791 1610 2824 grana.
