1773 3121
216 256 332 300 1874
710 268 750 299 Ρ.
782 267 941 299 ovum
976 266 1188 299 NASONIS

218 361 342 412 Quid
361 361 442 402 tibi
463 373 564 403 cum
585 361 761 414 gladio?
794 361 971 403 dubiam
992 376 1106 416 rege,
1128 363 1293 413 navita,
1311 362 1487 417 pinum:

274 428 381 470 Non
402 432 498 469 sunt
517 428 615 468 haec
636 428 782 481 digitis
805 442 927 470 arma
945 430 1127 471 tenenda
1147 431 1248 472 tuis.

217 497 299 539 Ille
319 503 440 537 metu
458 509 640 542 vacuuS,
664 495 856 536 Mortem
876 510 962 537 non
987 497 1211 550 deprecor,
1233 497 1399 551 inquit:

274 564 362 605 Sed
380 564 511 604 liceat
527 565 672 604 ‘sumta
686 577 834 616 pauca
855 563 1009 604 referre
1029 564 1136 618 lyra.
1341 604 1345 608 „

217 632 339 673 Dant
357 632 548 679 veniam,
570 630 794 684 ridentque
815 644 993 671 moram.
1057 630 1192 684 Capit
1211 631 1283 671 ille
1306 643 1527 682 coronam,
1586 631 1674 674 105

272 697 386 749 Quae
408 699 551 752 possit
572 699 731 747 crines,
758 698 937 747 Phoebe,
959 697 1112 738 decere
1132 702 1247 739 tuos.

214 764 423 806 Induerat
443 765 576 818 Tyrio
597 765 664 804 bis
684 766 863 805 tinctam
886 765 1049 804 murice
1070 766 1231 820 pallam
1249 779 1258 805 ε

272 831 487 873 Reddidit
506 832 595 872 icta
616 845 720 872 suos
740 831 902 883 pollice
924 831 1088 871 chorda
1110 845 1254 873 sonos.

216 898 461 939 Flebilibus
482 898 617 939 Veluti
634 899 821 937 numeris
843 899 1046 938 canentia
1067 886 1175 939 dura

268 964 498 1019 Trajectus
516 977 660 1018 penna
679 967 871 1017 tempora
892 968 1039 1004 cantat
1059 964 1165 1005 olor.
1589 965 1673 1005 110

215 1031 421 1073 Protinus
441 1031 485 1071 in
504 1031 672 1072 medias
692 1035 871 1072 ornatus
893 1031 1044 1071 desilit
1063 1032 1223 1073 undas.

271 1099 497 1152 Spargitur
516 1099 708 1152 impulsa
728 1098 896 1138 coerula
914 1098 1078 1152 puppis
1098 1112 1230 1153 aqua.

212 1166 319 1206 Inde
347 1165 454 1219 (fide
473 1163 641 1219 majus)
670 1169 794 1217 tergo
817 1165 1038 1218 Delphina
1056 1179 1238 1207 recurvo

272 1233 329 1273 Se
349 1236 592 1273 memorant
611 1233 728 1273 oneri
751 1234 1038 1286 supposuisse
1057 1246 1188 1275 novo.

215 1355 299 1390 Quid
327 1353 386 1385 tibi
412 1363 479 1384 cum
507 1351 602 1384 ense?
647 1354 767 1394 Naum,
793 1354 933 1392 guberna
954 1364 1062 1385 ‘navem
1094 1355 1257 1386 incertam.
1301 1353 1382 1385 Hoec
1401 1363 1488 1386 armo
1513 1363 1573 1385 non
1600 1358 1671 1385 sunt

214 1398 376 1428 tractanda
390 1396 503 1435 digitis
532 1397 606 1427 tuis.
652 1396 711 1426 Ille
733 1406 845 1436 expers
866 1397 999 1436 timoris,
1027 1399 1110 1436 Ego,
1139 1398 1196 1436 ait,
1223 1407 1283 1428 non
1297 1397 1420 1437 refugio
1448 1400 1596 1428 mortem.-
1617 1399 1672 1428 sed

212 1441 395 1470 concedatur
419 1442 558 1478 repetere
580 1448 681 1477 pauca
708 1438 777 1478 lyra
790 1442 901 1469 sumta.
951 1440 1140 1478 Concedunt,
1164 1443 1254 1479 atque
1269 1440 1405 1470 irrident
1418 1440 1565 1480 spatium.
1612 1440 1671 1470 Ille

211 1483 313 1512 induit
329 1490 484 1518 coronam,
507 1491 573 1520 quae
593 1481 689 1520 possit
714 1481 876 1511 convenire
900 1481 963 1510 tuis
986 1482 1120 1522 capillis,
1148 1483 1267 1522 Apollo.
1312 1482 1472 1513 Sumserat
1485 1481 1602 1521 pullam
1624 1481 1672 1512 bis

211 1524 360 1561 infectam
374 1524 491 1554 murice
510 1523 622 1563 Tyrio,
618 1534 625 1540 ·
637 1523 724 1563 fides
745 1523 884 1571 impulsu?
896 1523 1008 1563 pollice
1031 1524 1197 1555 emiserunt
1219 1533 1289 1555 suos
1308 1534 1406 1555 sonos.
1457 1523 1546 1554 Sicut
1561 1533 1672 1564 cycnus

211 1567 323 1597 habens
339 1569 477 1614 tempora
492 1566 569 1607 fixa
583 1567 662 1596 dura
680 1575 782 1606 penna
807 1565 892 1596 canit
918 1566 1016 1596 modis
1042 1566 1232 1605 lugubribus.
1279 1567 1431 1598 Continuo
1456 1569 1586 1597 ornatus
1609 1567 1669 1597 im

212 1610 312 1640 mittit
326 1619 358 1639 se
379 1609 413 1638 in
438 1608 556 1639 medias
577 1617 682 1648 aquas.
726 1608 847 1648 Puppis
868 1608 1000 1647 impulsa
1023 1610 1184 1649 spargitur
1206 1619 1286 1650 aqua
1310 1610 1449 1640 coerulea.
1491 1609 1569 1640 Inde
1591 1609 1671 1649 (vioe

210 1651 354 1683 credibile
369 1651 437 1691 est)
451 1650 540 1682 aiunt
552 1650 739 1691 Delphinum
753 1660 784 1681 se
798 1650 984 1682 summisisse
995 1661 1070 1682 novo
1082 1653 1213 1693 ponderi
1224 1656 1312 1693 tergo
1325 1651 1671 1693 pando.1lleinnixus

823 1735 898 1746 oceo
902 1735 1060 1747 ‘cetmo-

211 1801 308 1822 consc.
334 1790 454 1821 Heius.
468 1788 607 1820 volebat
625 1790 770 1829 Ceteraq.
785 1793 958 1821 armataec.
974 1794 999 1822 t.
1015 1801 1131 1822 vnunus.
1133 1793 1237 1822 —101
1263 1790 1381 1821 Pinum
1403 1799 1445 1821 ex
1461 1788 1550 1820 libro
1567 1788 1668 1826 Laeti,

210 1838 247 1865 et
263 1843 329 1864 uno
346 1833 383 1864 F.
404 1832 523 1863 Heins.
540 1833 657 1872 placet
672 1841 743 1872 prae
759 1832 851 1872 vulg.
871 1833 1012 1873 puppim,
1029 1834 1095 1873 vel,
1115 1838 1152 1865 ut
1168 1834 1223 1864 alii
1235 1832 1401 1872 scribunt,
1420 1842 1560 1873 puppem.
1561 1834 1669 1863 —102

211 1877 266 1908 Fr.
281 1877 347 1907 haec
360 1878 442 1913 sunt,
456 1875 589 1905 inverso
609 1874 736 1905 ordine.
768 1875 927 1916 Quinque
943 1876 1019 1906 libri
1034 1886 1113 1907 orm.
1126 1876 1259 1914 ferenda
1274 1879 1321 1906 iu.
1337 1876 1426 1906 unde
1441 1875 1562 1906 Heius.
1577 1874 1668 1913 conj.

209 1920 347 1950 terenda.
349 1898 454 1948 —10’3
474 1918 596 1948 Vacuus
611 1917 728 1947 Heius.
745 1916 839 1948 dedit
855 1927 898 1947 ex
910 1927 977 1948 uno
988 1919 1078 1949 Mor.
1095 1927 1160 1958 qua
1175 1922 1329 1948 notatim]
1341 1922 1416 1948 erat
1429 1927 1491 1957 pro
1504 1926 1575 1946 var.
1589 1917 1667 1946 lect.

213 1962 268 1991 alii
284 1961 533 2000 pavidus.-—104
556 1960 636 1989 Duo
653 1957 760 1989 Codd.
777 1968 854 1988 cum
876 1960 965 1990 Maz.
1000 1959 1039 1990 Si
1060 1960 1112 1990 lic.
1130 1960 1218 1999 quod
1237 1960 1355 1990 Burm.
1373 1968 1439 1989 non
1456 1959 1624 1998 displicet,
1639 1959 1668 1988 si

211 2003 358 2040 praeced.
385 2012 432 2033 vs.
458 2010 589 2042 quoque
614 2001 760 2040 deprecer·
775 2002 987 2040 legas.—105
1011 2002 1107 2032 Unus
1131 2002 1250 2032 Heins.
1273 2001 1359 2040 rapit
1384 2010 1445 2040 pro
1463 2001 1667 2040 capit.—106

209 2045 265 2075 Fr.
291 2045 370 2079 Quoe
383 2048 481 2084 posset
503 2044 690 2074 crim—107
716 2043 769 2072 Fr.
796 2052 872 2072 cum
900 2043 1100 2083 quibusdam
1125 2044 1298 2084 impressis
1322 2043 1430 2074 Induit
1445 2046 1475 2073 et
1493 2043 1528 2074 T.
1546 2042 1667 2074 Heius.

209 2096 276 2117 non
304 2086 464 2125 displicet
490 2085 649 2116 [nd-uitur.
695 2084 783 2114 Dein
805 2084 851 2114 bis
873 2085 1004 2116 tinctam
1027 2086 1143 2117 Heius.
1170 2096 1212 2116 ex
1229 2085 1500 2125 castigatioribus
1525 2084 1667 2123 suadet;

209 2138 285 2159 nam
312 2128 447 2169 quidam
475 2128 592 2166 legunt
617 2127 779 2166 depictam.
824 2127 907 2157 Mox
936 2137 996 2167 pro
1021 2130 1136 2169 pallam
1162 2128 1298 2169 quidam
1330 2128 1438 2159 Codd.
1466 2128 1593 2165 lanam,·
1629 2132 1667 2158 at

208 2171 328 2202 Heins.
345 2174 445 2211 putat
462 2170 550 2209 vulg.
574 2174 758 2209 praestare:
782 2169 928 2209 Neapol.
946 2170 1029 2201 Cod.
1054 2174 1287 2202 vestem—108
1313 2172 1351 2201 R.
1368 2175 1404 2201 et
1419 2170 1486 2200 duo
1503 2169 1562 2201 alii
1579 2169 1665 2200 Red-

208 2214 255 2244 dit
269 2217 299 2244 et
312 2213 367 2243 ict.
393 2222 476 2242 unus
491 2212 528 2242 F.
546 2212 665 2242 Reddit
687 2214 772 2241 tacta
793 2214 949 2243 su.-109
973 2213 1027 2243 Fr.
1056 2224 1138 2244 num.
1165 2215 1221 2244 vel.
1247 2214 1381 2244 inverso
1408 2212 1538 2243 ordine.
1572 2212 1665 2243 Dein

207 2261 277 2287 tres
293 2255 411 2295 scripti
428 2255 592 2285 candentia
615 2255 682 2284 dur.
710 2253 800 2294 quod
826 2253 946 2285 Heius.
971 2260 1101 2286 rectum
1127 2259 1346 2296 pintan—110
1370 2255 1410 2286 In
1426 2254 1560 2286 Zulich.
1577 2255 1664 2286 Maz.

208 2310 226 2329 a
241 2307 329 2330 man.
346 2307 397 2339 pr.
412 2302 448 2329 et
472 2306 538 2328 uno
563 2297 601 2328 F.
619 2306 658 2327 ac
676 2296 771 2327 Med.
798 2296 958 2328 Threicius
979 2301 1177 2338 penn.-lll
1202 2299 1258 2329 Fr.
1284 2299 1363 2330 med.
1385 2300 1531 2329 oneratus
1555 2298 1664 2329 des.—

862 2392 1002 2425 NOTAE

251 2469 311 2499 101
338 2468 422 2503 Quid
446 2468 520 2510 tibi]
548 2468 746 2509 Increpatio
775 2471 826 2500 est
850 2478 908 2508 gu·
964 2474 1116 2501 extrema
1126 2469 1323 2501 Germania.
1337 2466 1662 2508 Suspicabartamen

206 2518 408 2549 bei-natoris.
961 2529 1024 2560 per
1055 2529 1200 2560 pennam
1231 2522 1414 2559 pennatum
1443 2517 1548 2548 telum
1573 2516 1662 2549 forte

253 2570 313 2598 103
340 2567 412 2607 1110]
438 2567 553 2598 Arion.
961 2579 1031 2600 esse
1049 2569 1317 2609 intelligendum.

251 2621 312 2650 108
325 2618 464 2658 Chordu]
480 2619 578 2650 Fides
592 2619 730 2650 citharae
743 2620 904 2659 alligata».
1006 2620 1138 2659 cantat]
1182 2619 1320 2650 Fabnlae
1343 2621 1378 2649 et
1406 2617 1582 2658 poetarum
1604 2618 1663 2660 fig-

251 2671 312 2700 110
333 2669 459 2709 Penna]
493 2670 652 2700 Testatur
669 2669 802 2699 Marsus
819 2678 854 2698 se
871 2669 903 2699 in
959 2675 1083 2700 menta.

205 2717 304 2750 Ionia
326 2727 450 2758 cycnos
468 2718 592 2749 vidisse
619 2719 769 2748 seniores
792 2716 904 2748 fronte
1003 2722 1065 2752 112
1103 2718 1287 2759 Spargitur]
1340 2718 1447 2748 Maris
1479 2717 1659 2759 aspergine

205 2776 319 2808 penna
344 2767 491 2809 quadam
520 2768 664 2809 trajecta
689 2768 904 2799 duriuscula:
960 2773 1093 2799 roratur
1108 2778 1150 2798 ex
1166 2767 1302 2799 Arionis
1315 2768 1416 2799 saltu.

205 2817 296 2860 quod
325 2822 362 2852 et
398 2818 594 2851 observavit
630 2818 837 2860 Pomponius
871 2819 908 2853 in
1004 2817 1144 2859 Coerula]
1167 2819 1220 2852 Ex
1235 2817 1336 2851 maris
1352 2817 1502 2851 coeruleo
1516 2817 1647 2852 colore.
