1773 3121
268 230 383 274 1756
752 241 792 271 P.

823 239 979 270 OVIDII
1015 237 1227 269 NASONIS

269 335 500 383 Invidiam,
524 334 683 374 densas
704 333 866 387 objecit
886 333 1074 387 Cynthia
1094 333 1258 373 nubes:

271 401 418 454 thue
439 401 572 440 sorem
592 404 725 449 tutus,
747 413 1011 453 possemque
1031 401 1207 453 impune
1230 397 1378 448 videri,

271 467 457 508 Addidit
479 472 670 516 aetatem,
692 480 770 507 nec
792 466 1098 519 cognoscenda
1115 465 1292 517 reliquit

273 534 362 574 Ora
381 534 498 574 mihi.

271 601 492 648 Traderet‚
510 614 562 639 au
588 600 749 640 Delon.

559 533 800 585 Cretenque
821 534 893 573 diu
916 533 1134 572 dubitavit
1152 530 1396 572 habendam

811 600 923 640 Delo
944 600 1157 652 Cretaque
1178 597 1344 640 relictis

1635 531 1719 572 540

273 666 364 708 Hic
385 675 557 720 posuit:
589 680 826 720 nomenque
848 668 993 716 simul,
1015 667 1132 719 quod
1151 669 1295 720 possit
1313 680 1521 722 equorum

270 733 582 782 Admonuisse‚
599 735 727 788 jubet
748 734 961 787 deponere
979 747 988 774 z

1021 734 1197 786 Quique
1216 734 1341 775 fuisti

272 800 562 854 Hippolytus,
584 802 711 849 dixit,
732 813 843 840 nunc
864 801 976 840 idem
998 800 1179 840 Virbius
1201 805 1313 841 esto,

273 867 377 907 Hoc
396 881 546 907 nemus
566 868 665 907 inde
685 867 782 906 colo
800 880 809 906 :
842 867 895 906 de
918 866 1090 918 Disque
1109 868 1350 906 minoribus
1371 879 1481 906 unus

1634 862 1722 906 545

273 933 464 975 Numine
481 934 561 974 sub
583 933 772 973 dominae
792 933 921 983 lateo,
944 936 1073 986 atque
1092 945 1324 973 accenseor
1344 933 1423 974 illi.

572 1134 690 1175 ΕΑΒ.
723 1133 902 1175 XLVI.
963 1132 1123 1186 Egeria
1142 1133 1189 1174 in
1209 1131 1413 1174 Fontem.

273 1241 415 1274 Eoi-:nm
439 1242 612 1283 Nympha,
636 1242 760 1274 Numae
787 1242 948 1282 Pompilii
971 1242 1109 1282 conjux,
1135 1246 1214 1282 post
1241 1242 1304 1272 viri
1330 1241 1504 1273 interitum
1525 1249 1602 1272 cum
1626 1249 1663 1271 se
1685 1238 1720 1270 in

315 1305 431 1327 nemus
449 1295 621 1326 Aricinum
635 1295 845 1334 contulisset,
861 1294 907 1325 ibi
923 1300 1045 1335 questu
1063 1293 1194 1324 assiduo
1205 1292 1347 1324 deflevit
1359 1303 1471 1324 casum
1485 1293 1559 1331 viri,
1572 1291 1721 1333 fatigans

317 1349 560 1389 Dianan1‚ejus
582 1348 728 1388 regionis
742 1347 897 1387 incolam,
912 1347 1045 1378 assiduo
1060 1345 1156 1378 fletu.
1200 1346 1392 1377 Novissime
1411 1346 1570 1386 lacrymae
1587 1344 1660 1385 ejus
1679 1343 1722 1374 ab

316 1403 434 1434 eadem
460 1403 534 1434 Dea
559 1406 794 1433 transmutatae
820 1400 947 1432 suntin
970 1399 1111 1440 fontem,
1126 1400 1240 1441 quiex
1257 1399 1330 1440 ejus
1345 1399 1481 1431 nornine
1505 1402 1725 1440 nuncupatur

316 1455 453 1495 Egeria.

274 1541 406 1598 NON
429 1561 573 1599 tamen
594 1558 765 1611 Egeriae
787 1559 931 1599 luctus
953 1557 1098 1598 aliena
1116 1556 1263 1597 levare

275 1682 340 1721 bus,
355 1685 443 1722 atque
458 1682 574 1712 auxilio
589 1682 731 1721 Poeonio,
763 1682 895 1712 Plutone
921 1680 1032 1718 invito,
1057 1683 1121 1711 tum
1150 1680 1285 1720 Cynthia
1300 1679 1412 1710 velat-it
1426 1679 1528 1720 opacis
1542 1679 1671 1711 nubibus
1685 1690 1723 1711 ne

270 1734 408 1765 proesens
421 1734 563 1762 augerem
579 1725 609 1754 in
616 1725 730 1755 vidium
745 1724 835 1761 hujus
849 1724 923 1753 doni
932 1734 944 1759 ‚·
967 1726 995 1753 et
1010 1726 1045 1754 ut
1060 1733 1155 1753 essem
1169 1733 1300 1762 securus,
1315 1726 1346 1752 et
1359 1731 1477 1762 possem
1490 1726 1558 1753 tuto
1577 1722 1725 1762 conspici,

273 1767 385 1804 adjecit
400 1776 506 1801 aranos,
521 1776 613 1806 neque
628 1767 753 1806 reliquit
768 1766 845 1796 mihi
860 1766 960 1796 vultus
973 1767 1187 1803 agnoscendos.

1229 1765 1331 1805 Atque
1356 1765 1473 1795 incerta
1487 1765 1556 1803 fuit
1578 1765 1631 1795 din
1643 1774 1727 1804 prae-

273 1808 397 1840 beretne
424 1810 549 1839 Cretam
563 1810 717 1839 colendam
735 1819 775 1839 ιυι
793 1809 904 1839 Delon.
949 1808 1027 1838 Delo
1054 1811 1083 1838 et
1115 1808 1210 1838 Creta
1231 1807 1350 1837 omissis
1375 1807 1425 1838 hic
1449 1809 1550 1838 sedem
1571 1807 1669 1844 dedit,
1692 1809 1724 1837 et

267 1850 362 1889 jussit
383 1852 475 1881 simul
488 1851 617 1889 amices-e
632 1861 739 1881 nomen
756 1851 834 1890 quod
848 1849 942 1888 possit
959 1849 990 1878 in
1007 1850 1180 1880 memoriam
1202 1859 1345 1879 ret-ocare
1366 1858 1474 1889 equos:
1498 1850 1618 1889 Quique
1624 1847 1724 1887 fuisti

274 1893 478 1932 Hippolytus,
494 1893 550 1929 ait,
567 1903 645 1922 nunc
660 1893 740 1922 idem
762 1895 825 1922 esto
843 1891 978 1921 Virbius.

1024 1891 1102 1920 Inde
1118 1891 1284 1930 frequento
1299 1891 1377 1921 hanc
1384 1891 1502 1931 sylvam
1512 1901 1525 1928 ,·
1547 1895 1577 1922 et
1592 1900 1670 1922 unus
1683 1900 1724 1922 ex

274 1935 350 1965 Diis
365 1935 533 1964 minoribus
548 1935 626 1964 lateo
639 1934 692 1963 sub
708 1933 830 1963 numine
842 1932 985 1971 dominre,
1007 1935 1098 1971 atque
1121 1932 1170 1962 ille·
1185 1933 1331 1962 ascribor.

318 1984 415 2007 XLvr.
436 1977 586 2007 Attamen
614 1976 713 2006 clades
737 1975 844 2006 alienae
872 1984 934 2005 non
961 1977 1086 2013 possunt
1115 1974 1210 2005 lenire
1235 1983 1395 2006 moerorem
1425 1974 1573 2014 Egerioe:
1595 1977 1625 2005 el
1649 1982 1723 2014 pro·

878 2057 1069 2069 emme
1074 2057 1110 2068 eo

270 2111 339 2150 foci
354 2115 498 2152 quatuor
513 2112 597 2149 lavr';
621 2122 705 2143 unus
728 2113 812 2149 vidi;
836 2113 918 2144 alius
944 2113 1132 2144 vor-i.—533
1156 2113 1200 2144 N.
1225 2112 1384 2143 medicam.
1407 2112 1634 2143 mortis.——54o
1657 2112 1722 2143 Be-

276 2154 371 2183 rolin.
398 2155 453 2183 Or.
470 2155 646 2185 meh—541
673 2155 799 2185 Thuan.
817 2160 851 2185 et
875 2160 951 2186 octo
975 2156 1031 2186 alii
1060 2156 1326 2194 Creteque—546
1349 2155 1500 2187 Berolin.
1521 2156 1660 2194 luteaque
1673 2165 1722 2185 as-

275 2196 391 2226 stntt'or
407 2197 471 2226 uni.
518 2197 617 2237 Vulg.
635 2197 736 2227 etiam
758 2197 844 2228 Edd.
860 2197 1010 2229 assentior
1025 2197 1152 2229 habent
1166 2208 1173 2228 :
1198 2197 1334 2238 plurimi
1349 2198 1524 2237 acceptum
1547 2197 1603 2228 alii
1619 2206 1722 2228 accer-

930 2303 1070 2335 NOTAE

317 2378 378 2407 537
419 2375 569 2415 Cynthia]
613 2376 737 2414 Diana,
771 2377 805 2407 iu
836 2378 969 2418 Cyntho

275 2427 354 2459 Deli
374 2431 494 2457 ¹monte
519 2432 609 2464 nata,
635 2429 728 2467 cri-ius
754 2427 867 2459 favore
885 2428 970 2468 Hip-

277 2477 411 2517 poiytus
425 2480 566 2506 venator
583 2476 768 2507 fruebatur.

318 2529 380 2556 530
402 2525 555 2565 AEtatem]
590 2527 638 2557 Ut
665 2532 744 2557 natu
768 2528 874 2567 major
895 2538 970 2559 cum

277 2576 461 2613 videretur,
474 2576 582 2606 minus
597 2584 870 2617 cognosceretur.

319 2628 380 2657 543
416 2626 631 2665 Admonuit-se]
673 2628 700 2657 V
705 2627 817 2658 idetur
844 2627 970 2658 sentire

278 2676 388 2708 Poe'ta
403 2676 481 2707 inde
498 2677 705 2716 appellatum
730 2678 969 2717 Hippolytum,

277 2725 366 2767 quod
382 2726 425 2756 ab
442 2726 536 2766 equis
551 2727 679 2757 solutus
702 2732 759 2758 aut
775 2727 968 2767 discerptus

277 2779 386 2808 esset:
405 2775 498 2807 ἰ’ππος
510 2776 599 2807 euim
614 2785 708 2817 equus
722 2780 785 2815 est,
799 2775 863 2807 λύω
877 2777 968 2808 solvo.

1065 2380 1127 2408 544
1157 2377 1297 2418 Virbius]
1337 2377 1440 2411 Quasi
1461 2378 1518 2409 Vir
1533 2377 1594 2408 bis.-
1618 2386 1722 2418 quan·

1023 2437 1122 2468 quam
1140 2428 1196 2458 alii
1213 2428 1321 2458 Virum
1337 2428 1458 2464 bonum,
1471 2427 1526 2458 aiii
1538 2428 1652 2458 Deum
1665 2426 1722 2468 qui

1023 2476 1139 2507 viribus
1152 2476 1280 2516 praesit,
1296 2477 1578 2515 interpretantur.

1066 2528 1126 2556 545
1153 2525 1284 2565 Nemus]
1315 2525 1501 2564 Aricinum,
1519 2525 1661 2564 scilicet,
1677 2525 1721 2557 de

1025 2585 1089 2616 quo
1103 2585 1219 2614 supra:
1233 2585 1298 2615 quo
1307 2576 1486 2613 allegatum
1501 2575 1721 2615 deceptorem

1025 2625 1189 2666 quendam
1216 2625 1331 2655 volunt
1356 2635 1375 2655 a
1395 2625 1517 2656 Dianae
1537 2625 1723 2657 sacerdoti-

1023 2675 1096 2712 bus,
1110 2675 1290 2715 Hippolyti
1304 2675 1448 2713 nomine,
1464 2680 1497 2706 ut
1510 2676 1584 2706 loco
1597 2674 1720 2707 famam

1022 2730 1124 2766 atque
1149 2726 1233 2757 adeo
1259 2725 1321 2757 sibi
1337 2726 1467 2758 lucrum
1488 2726 1597 2767 majus
1619 2735 1718 2758 aucu-

1022 2781 1196 2817 parentur.
