1773 3121
254 260 367 329 1653«)
738 267 780 297 P.
811 265 968 295 ovinu
1000 251 1211 294 NASONJS

257 364 441 412 Nescia,
461 376 541 402 nec
562 362 799 414 quicquam
814 360 977 413 junctis
997 358 1200 399 debentia
1214 357 1372 408 bubus,

257 432 467 484 Liquerat
489 429 710 468 Euboicus
731 426 986 466 tumidarum
1009 426 1150 465 cultor
1172 437 1406 477 aquarum:

257 499 462 551 Liquerat
484 502 526 536 et
551 495 762 543 Zanclen,
796 494 1067 545 adversaque
1088 492 1251 532 moenia
1274 490 1431 542 Rhegi,
1675 489 1704 528 5

256 565 630 616 Navifragumque
651 561 820 609 fretum,
843 559 1015 611 gemino
1038 557 1152 610 quod
1174 557 1317 597 littore
1339 568 1540 610 pressum

256 631 466 672 Ausoniae
489 629 737 680 Siculaeque
759 631 877 667 tenet
896 625 1081 665 confinia
1102 628 1239 664 terrae.

258 698 380 746 Inde,
401 710 530 737 manu
552 707 707 746 magna
727 693 946 746 Tyrrhena
967 704 1043 744 per
1065 703 1246 743 aequora
1259 685 1432 742 Yapsus,

258 765 515 806 Herbiferos
538 763 648 803 adiit
668 761 818 809 colles,
842 764 974 812 atque
998 756 1108 798 afria
1130 758 1325 798 Glaucus

258 832 358 872 Sole
379 834 484 871 satae
508 829 674 877 Circes,
696 828 910 868 variarum
933 825 1064 878 plena
1082 825 1284 864 ferarum.

259 898 403 947 Quam
425 896 552 936 simul
568 894 765 947 aspexit3
797 893 915 932 dicta
935 895 1205 944 acceptaque
1223 890 1381 940 salute,

257 964 390 1011 Diva,
414 962 497 1001 Dei
515 962 730 1007 miserere,
751 971 926 1010 precor:
957 970 1057 996 nam
1076 957 1171 996 sola
1191 957 1333 997 levare

255 1029 325 1069 Tu
345 1032 471 1081 potes
490 1027 619 1074 hune,
637 1025 764 1072 dixit,
786 1024 956 1072 (videar
976 1022 1110 1061 modo
1133 1023 1322 1074 dignus‚)
1354 1036 1558 1065 amorem,

258 1095 437 1145 Quanta
458 1095 515 1132 sit
533 1092 778 1139 herbarum,
801 1090 963 1138 Titani,
984 1089 1181 1142 potentia
1201 1090 1323 1139 nulli,

260 1161 405 1210 Quam
424 1159 544 1207 mihi,
562 1158 795 1208 cognitius,
813 1157 889 1209 qui
912 1170 1007 1196 sum
1028 1159 1221 1196 mutatus
1244 1156 1299 1196 ab
1321 1157 1418 1197 illis.
1648 1158 1705 1198 15

1649 823 1704 864 10

257 1316 347 1347 quam
361 1307 500 1337 debentes
516 1306 605 1336 bobus
621 1305 700 1344 jugo
715 1305 837 1345 pressis.
883 1304 1087 1335 Proeterz'erat
1104 1305 1198 1334 etiam
1213 1304 1359 1341 Zanclen,
1384 1308 1414 1335 et
1429 1315 1531 1336 muros
1555 1305 1707 1345 oppositos

258 1351 391 1388 Rhegio,
406 1353 435 1379 et
439 1348 560 1387 fretum
571 1348 769 1386 naufragum,
784 1349 861 1387 quod
873 1351 1060 1378 coarctatum
1076 1347 1192 1386 duplici
1207 1347 1400 1388 littorefines
1407 1347 1489 1385 fucit
1507 1351 1599 1378 terroe
1613 1348 1706 1378 ltaloe

257 1396 287 1422 et
305 1391 427 1422 Sicula».
473 1392 550 1421 Inde
567 1391 701 1421 Glaucus
717 1393 826 1419 natans
848 1393 935 1419 vasta
962 1400 1052 1420 manu
1074 1399 1130 1428 per
1153 1389 1252 1419 maria
1271 1389 1379 1427 Tuscu,
1404 1390 1520 1420 accedit
1535 1391 1575 1420 ad
1591 1394 1707 1420 montes

256 1434 407 1470 herbidas,
419 1437 508 1473 atque
520 1434 620 1463 aulam
636 1433 740 1462 Circes
742 1432 824 1473 filice
838 1431 918 1462 Solis
930 1432 1075 1469 refertam
1084 1430 1167 1468 feris
1177 1431 1292 1461 diversi
1304 1432 1439 1471 generis.
1486 1433 1587 1467 Quam
1598 1433 1708 1463 statim

257 1479 349 1515 atque
373 1476 463 1513 ridie,
488 1477 586 1505 salute
600 1476 700 1505 oblata
714 1479 804 1513 atque
820 1478 955 1513 accepta,
973 1475 1055 1512 Dea,
1082 1473 1192 1513 inquit,
1207 1483 1270 1511 oro,
1291 1474 1436 1505 miserere
1453 1475 1516 1505 Dei
1526 1485 1535 1504 .·
1559 1484 1630 1505 nam
1642 1475 1707 1505 sola

254 1522 342 1557 potes
357 1517 538 1557 opemferre
554 1518 623 1547 huic
638 1517 747 1555 amori,
771 1518 856 1546 modo
872 1517 977 1547 ridear
993 1517 1117 1556 dignus.
1166 1516 1195 1544 0
1207 1515 1280 1557 filia
1299 1517 1434 1554 Titanis,
1455 1518 1532 1547 nulli
1547 1520 1592 1547 est
1606 1517 1709 1555 magis

254 1564 443 1600 perspectum
459 1570 547 1599 ιμιανη
564 1560 640 1590 mihi
655 1560 706 1599 qui
721 1569 787 1590 sum
803 1568 905 1590 versus
918 1559 956 1589 ab
972 1559 1035 1589 illis
1059 1561 1172 1598 quanta
1187 1559 1228 1588 sit
1251 1558 1299 1588 vis
1318 1559 1508 1597 graminum.
1554 1560 1641 1590 Neve
1655 1569 1708 1590 ue.

863 1652 920 1663 eea
924 1652 1093 1663 ”esem-et

259 1716 388 1747 duobus
404 1717 448 1746 V.
462 1716 601 1746 Fames.
619 1716 784 1755 Caprean.
801 1719 836 1746 et
861 1715 975 1746 Aldin.
992 1715 1033 1745 In
1050 1715 1115 1745 alio
1130 1715 1171 1746 V.
1190 1715 1263 1755 quid
1280 1726 1351 1746 usus
1365 1719 1581 1756 equorum—3
1603 1717 1707 1757 Vulg-

259 1759 418 1790 scribitur
434 1758 524 1789 bobus
539 1768 598 1798 pro
615 1758 783 1789 bubus.—4
808 1758 847 1789 In
872 1767 935 1788 uno
952 1758 993 1787 V.
1016 1758 1051 1788 Ε.
1079 1758 1266 1797 liquidarum
1291 1759 1427 1790 cult—5
1451 1759 1602 1791 Berolin.
1618 1769 1708 1790 moen.

258 1801 431 1832 Reum—6
455 1801 523 1830 Pro
543 1800 809 1840 Narijragumque
825 1801 858 1830 in
890 1799 1034 1830 vetustis
1060 1799 1342 1839 Naufragumque;
1364 1805 1402 1832 ut
1429 1806 1540 1832 tamen
1573 1801 1708 1842 quadri-

259 1843 421 1884 syllabum
438 1843 479 1873 sit
494 1853 502 1880 ;
528 1843 631 1873 veluti
649 1847 684 1872 et
705 1843 737 1872 id
754 1843 990 1880 Virgiliauum,
1013 1842 1022 1856 ‘
1039 1840 1251 1879 Naufragum
1267 1842 1561 1881 Scylacaeum.'——7
1588 1843 1707 1875 Heius.

259 1885 378 1915 suadet
401 1885 476 1915 terit
493 1893 553 1923 pro
567 1886 725 1913 tenet.—8
748 1884 827 1913 Duo
853 1882 962 1912 Codd.
980 1886 1015 1912 et
1031 1882 1194 1912 Pontiani
1219 1892 1299 1912 man.
1314 1882 1398 1920 forti
1423 1885 1457 1915 T.
1474 1886 1569 1915 Leid.
1594 1887 1706 1916 nando.

259 1927 349 1958 Dein
367 1928 467 1964 lapsus
483 1925 602 1954 Heius,
620 1925 752 1964 recepit
769 1934 811 1954 ex
825 1933 876 1963 pr.
896 1924 966 1954 Pal.
980 1928 1015 1954 et
1029 1924 1071 1954 V.
1086 1929 1122 1953 et
1146 1924 1224 1954 Bas.
1241 1929 1276 1954 et
1293 1925 1331 1955 R.
1360 1929 1395 1956 et
1419 1925 1547 1958 Erfurt.
1577 1926 1708 1959 Arund.

261 1969 358 1999 Cant.
374 1972 409 1997 et
425 1967 537 1996 multis
559 1966 631 1996 aliis
647 1977 654 1996 ;
682 1967 771 2006 vulg.
788 1968 987 1996 vectus.--10
1011 1965 1106 1996 Med.
1130 1970 1208 1996 tert.
1225 1966 1274 1997 Fl.
1291 1970 1326 1996 et
1344 1967 1386 1998 N.
1404 1968 1441 1997 C.
1459 1978 1605 1999 vanarum
1617 1970 1708 2009 pl.—

261 2012 301 2041 12
326 2010 365 2040 In
382 2008 576 2049 quibusdan·
596 2008 702 2039 Codd.
733 2009 793 2038 mez'
821 2018 880 2047 pro
898 2007 1062 2039 Dei.—-13
1087 2008 1243 2048 Quinque
1269 2008 1348 2038 libri
1377 2011 1459 2040 mod.
1487 2010 1612 2050 dignior
1626 2020 1710 2042 esse:

261 2052 357 2083 multi
372 2052 483 2089 dignus
497 2060 610 2090 amore,
626 2055 661 2081 ct
674 2060 756 2081 unus
771 2051 975 2082 honore.-15
991 2050 1030 2080 In
1050 2050 1194 2081 Berolin.
1208 2050 1283 2081 mih.
1294 2053 1525 2093 cognocius,qui
1538 2053 1707 2085 scribitur.

913 2166 1053 2198 NOTAE

260 2250 411 2281 Vulcano
436 2255 675 2290 exercuerunt,
699 2252 792 2283 Jovis
817 2261 956 2291 pra‘ser·

262 2301 321 2330 tim
338 2300 543 2331 fabricandis
559 2300 752 2332 fulminibus
767 2302 898 2333 intenti.

1051 2254 1071 2282 6
1098 2251 1237 2291 Fretum]
1274 2252 1422 2284 Siculum
1450 2254 1545 2294 dicit,
1567 2260 1708 2297 propter

1012 2305 1113 2331 aestus
1129 2300 1322 2331 violentiam
1337 2307 1438 2343 atque
1456 2305 1626 2344 angustias
1641 2316 1709 2337 ma-

303 2353 321 2380 3
345 2350 514 2392 Debenu‘a]
537 2351 625 2382 Quia
651 2361 818 2393 nunquam
844 2355 955 2382 aratro
1011 2352 1069 2391 ris,
1086 2352 1252 2391 scopulos,
1275 2353 1425 2394 itemque
1449 2359 1624 2386 ventorum
1647 2357 1707 2388 im·

264 2400 416 2431 subacta.

302 2452 321 2480 4
348 2450 514 2489 Euboicus]
543 2450 692 2481 Glaucus
709 2449 956 2489 Anthedonius,

261 2500 330 2530 scil.
355 2500 397 2530 de
425 2510 489 2540 quo
517 2509 629 2539 supra,
654 2500 709 2540 qui
734 2501 829 2530 Deus
845 2499 956 2530 factus

262 2550 408 2581 marinus
425 2551 527 2580 maria
544 2549 692 2580 natando
707 2551 871 2581 sulcabat.

304 2603 322 2630 5
348 2599 464 2638 Rhegi]
491 2599 655 2638 Rhegium
683 2599 760 2629 urbs
783 2600 882 2630 estin
900 2609 957 2629 cx-

262 2649 378 2679 tremis
406 2648 543 2679 finibus*
560 2649 738 2688 Calabriae,
768 2659 833 2689 qua
860 2653 957 2689 parte

262 2699 375 2729 Sicilia
403 2699 444 2729 ab
476 2699 575 2729 Italia
601 2700 729 2739 impetu
769 2700 868 2730 maris
891 2699 956 2730 dis-

264 2752 376 2778 tracta
402 2748 546 2779 dicitur:
573 2749 662 2780 uude
689 2755 724 2781 et
752 2750 874 2781 Graece
900 2759 957 2781 no-

264 2806 338 2829 men
354 2798 441 2828 istud
459 2798 588 2830 habuit.

1011 2405 1139 2441 petum,
1151 2401 1297 2431 maxime
1314 2401 1525 2442 naufragum.

1053 2453 1071 2481 7
1096 2451 1256 2490 Ausonioe]
1298 2453 1406 2484 Quam
1441 2453 1483 2483 ab
1512 2453 1707 2488 Ausonibus

1010 2501 1143 2540 populis
1160 2500 1293 2531 Italiam
1310 2511 1384 2533 esse
1400 2512 1499 2543 supra
1511 2504 1663 2537 diximus.

1054 2553 1073 2580 8
1099 2551 1270 2591 Tyrrhena]
1287 2552 1496 2591 Tyrrhenum
1512 2560 1548 2585 et
1560 2556 1707 2588 Tuscum

1011 2600 1137 2630 dicitur
1162 2610 1253 2631 mare
1278 2603 1365 2642 quod
1395 2602 1505 2634 Italiae
1527 2605 1706 2637 maximam

1012 2656 1143 2690 partem
1160 2660 1178 2680 a
1195 2652 1300 2681 latere
1315 2652 1527 2684 meridionali
1543 2654 1651 2686 alluit.

1056 2702 1093 2730 11
1120 2700 1240 2739 Titani]
1262 2701 1445 2732 Vocativus
1469 2707 1521 2734 est
1542 2703 1683 2735 Graecus
1702 2715 1711 2736 :

1010 2749 1302 2791 Titanisstlamque
1315 2750 1380 2782 fuit
1393 2751 1506 2793 Circe,
1521 2752 1606 2784 Solis
1615 2753 1706 2787 Tita-

1011 2801 1061 2832 nis
1079 2799 1157 2831 filia.
