1773 3121
624 256 867 288 ‘rms‘rmm
902 255 998 287 [ΑΒ.
1031 256 1062 287 1.
1093 247 1136 287 5.

156 351 246 393 Pro
264 350 375 393 duce
397 350 571 393 Neritio
592 350 712 392 docti
732 350 848 392 mala
867 354 1018 392 nostra
1037 350 1191 393 Poetae

209 417 418 460 Scribite:
452 418 623 460 Neritio
640 431 739 460 nam
757 417 873 460 mala
894 418 1022 472 plura
1041 419 1136 461 tuli.

153 485 236 527 Ille
255 486 379 526 brevi
400 487 547 540 spatio
568 486 719 528 multis
739 486 902 527 erravit
919 487 964 527 in
982 474 1110 529 annis

211 551 328 593 Inter
349 552 580 594 Dulichias
609 552 859 606 Iliacasque
878 553 1050 595 domos.

154 619 267 670 Nos,
288 619 399 662 freta
419 620 634 662 sideribus
652 621 766 662 notis
787 621 1000 663 distantia
1019 634 1209 672 menSOS‚

209 687 314 728 Sors
334 688 431 729 tulit
449 689 492 729 in
511 687 696 730 Geticos
719 688 1074 741 Sarmaticosque
1093 689 1229 729 sinus.

151 753 232 796 Ille
250 755 405 796 habuit
422 755 643 808 fidamque
660 765 850 802 manum,
871 753 1105 806 sociosque
1123 753 1277 795 fideles
1295 767 1305 795 :

210 821 287 862 Me
307 821 542 875 profugum
563 821 749 862 comites
768 821 992 862 deseruere
1010 820 1110 862 mei.

151 887 233 929 me
255 901 381 929 suam
401 890 531 930 laetus
552 889 736 943 patriam
758 888 988 941 victorque
1007 883 1183 942 petebat
1200 901 1209 928 z

209 954 254 996 A
273 956 418 1010 patria
438 956 559 1010 fugio
580 956 723 998 victus
744 959 787 997 et
802 955 907 996 exul
928 967 1024 1008 ego.

152 1021 250 1064 Nec
270 1023 377 1064 mihi
399 1023 654 1065 Dulichium
674 1023 831 1065 domus
851 1026 930 1074 est,
952 1022 1172 1072 Ithaceve,
1195 1022 1382 1065 Sameve
1400 1036 1408 1063 z

207 1089 375 1144 (Poena
393 1091 554 1144 quibus
575 1104 662 1133 non
684 1095 754 1133 est
772 1091 950 1145 grandis
971 1091 1128 1132 abesse
1147 1090 1264 1132 locis
1280 1090 1313 1144 :)

151 1157 238 1198 Sed
259 1170 359 1212 quae
383 1158 438 1199 de
460 1162 626 1212 septem
647 1163 785 1200 totum
806 1158 1106 1212 circumspicit
1124 1158 1270 1200 orbem

209 1224 454 1274 Montibus,
478 1226 645 1278 imperii
669 1225 816 1266 Roma
836 1226 1073 1276 Deumque
1093 1225 1230 1264 locus.

1552 889 1611 931 65

1555 1224 1611 1264 70

150 1362 260 1394 1³0&ae
276 1361 404 1401 eruditi,
420 1361 546 1393 scribite
562 1364 682 1392 nostras
697 1371 852 1392 aerumnas
872 1371 930 1402 pro
951 1361 1028 1393 duce
1050 1361 1176 1393 Neritio
1188 1372 1200 1399 ;
1221 1372 1293 1393 nam
1311 1371 1420 1402 passus
1435 1371 1502 1393 sum
1520 1362 1612 1402 plura

149 1406 233 1436 mala
255 1405 330 1435 duce
347 1404 485 1435 Neritio.
532 1404 590 1435 lue
604 1405 722 1435 erravit
740 1414 797 1444 per
822 1405 935 1435 multos
957 1414 1053 1436 annos
1077 1405 1111 1436 in
1131 1405 1246 1444 exiguo
1259 1405 1359 1445 spatio
1375 1405 1457 1436 inter
1471 1405 1612 1444 regiones

149 1447 317 1478 Dulichias
332 1449 362 1478 et
387 1446 552 1485 Trojanas.
597 1447 740 1478 Fortuna
754 1457 807 1478 nos
831 1447 917 1478 texit
935 1447 969 1478 in
984 1457 1054 1478 oras
1074 1448 1203 1479 Geticas
1218 1451 1248 1479 et
1265 1447 1469 1486 Sarnmticus,
1489 1447 1542 1488 qui
1556 1458 1612 1478 ex-

149 1489 309 1520 aravimus
323 1489 425 1520 maria
439 1490 552 1520 dissita
577 1499 634 1529 per
648 1490 751 1521 sidera
765 1490 901 1528 cognita.
947 1489 1006 1521 lue
1020 1489 1128 1521 habuit
1143 1494 1174 1522 et
1189 1494 1287 1522 certos
1300 1490 1426 1527 milites,
1442 1493 1472 1521 et
1487 1490 1612 1521 comites

139 1531 247 1574 fidos:
271 1532 332 1563 mei
354 1533 471 1562 sodales
486 1532 694 1563 destituerunt
710 1543 757 1564 me
781 1534 913 1564 exulem.
958 1533 1016 1564 Ille
1036 1533 1126 1564 loetus
1151 1536 1181 1564 et
1198 1533 1296 1564 victor
1309 1532 1454 1565 tendebat
1476 1533 1509 1563 in
1524 1543 1611 1564 suam

147 1575 304 1616 patriam:
329 1585 385 1614 ego
400 1575 501 1606 victus
516 1578 546 1606 et
569 1575 722 1615 profugus
745 1574 872 1613 auferor
886 1586 906 1607 α
926 1577 1045 1616 patria.
1092 1577 1201 1617 Neque
1216 1576 1411 1616 Dulichium,
1425 1576 1472 1607 cel
1490 1575 1612 1614 Ithaca,

149 1620 205 1648 aut
228 1617 320 1648 Sume
334 1621 407 1648 sunt
422 1618 499 1648 mihi
514 1619 612 1657 sedes,
628 1628 647 1649 a
662 1618 769 1659 quibus
783 1618 857 1650 locis
879 1618 988 1659 procul
1010 1628 1072 1650 esse
1097 1629 1157 1650 non
1180 1623 1225 1650 eet
1242 1629 1387 1659 magnum
1402 1619 1587 1659 supplicium
1601 1629 1611 1654 ,-

148 1661 201 1692 sed
217 1660 315 1691 Romu
330 1661 410 1692 locus
424 1661 547 1701 imperii
563 1664 593 1691 et
611 1661 760 1702 Deorum,
784 1671 850 1702 quae
875 1661 1107 1693 circumlustrat
1132 1661 1306 1693 universum
1333 1663 1477 1693 mundum
1491 1671 1532 1693 ex
1546 1671 1613 1701 sep-

764 1745 1001 1757 eeeeeeeeeeee

149 1802 189 1831 5⁷
204 1799 307 1831 Multi
319 1799 438 1840 scripti
451 1799 577 1831 habent
588 1799 815 1831 Narnia—59
826 1800 969 1831 Variant
981 1799 1118 1831 codices
1131 1810 1138 1830 :
1149 1799 1298 1841 qnidam,
1310 1798 1399 1830 undis
1410 1810 1418 1833 .·
1430 1799 1498 1837 alii,
1509 1799 1611 1834 arrr's,·

150 1843 222 1881 alii,
243 1843 338 1873 armis
363 1842 488 1873 habent
504 1853 511 1872 ε
537 1852 600 1883 ego
619 1842 768 1873 libenter
797 1843 996 1883 scriberem,
1014 1843 1072 1874 me
1086 1842 1172 1874 brevi
1184 1843 1217 1873 in
1230 1844 1330 1883 spatio
1345 1843 1449 1873 multis
1461 1843 1611 1872 erraverit

149 1886 256 1917 annis:
279 1885 337 1916 sed
368 1885 546 1926 sequentia
559 1890 688 1916 vetant.
707 1885 820 1916 Burm.
838 1885 991 1917 Sea—61
1017 1886 1134 1917 Comb.
1152 1891 1187 1916 et
1204 1895 1289 1916 unus
1303 1886 1434 1916 Bonon.
1451 1885 1612 1915 exhibent

149 1929 250 1963 ’mein
274 1928 329 1958 alii
343 1930 515 1959 totta—62
539 1928 633 1958 Unus
646 1929 688 1958 V.
709 1928 787 1959 fors
801 1929 859 1959 tul.
880 1928 962 1960 Jnn.
977 1933 1012 1959 et
1028 1928 1286 1969 quatuordecim
1303 1928 1359 1958 alii
1378 1928 1504 1959 Detulit
1520 1929 1552 1958 in
1570 1927 1612 1958 G.

153 1971 287 2002 Coesarie
301 1972 348 2001 ira
363 1971 465 2001 sinus.-
490 1970 585 2001 Leid.
604 1976 639 2002 et
656 1970 721 2001 duo
739 1971 795 2002 alii
812 1971 970 2007 Distulit:
997 1971 1117 2002 Heius.
1134 1972 1221 2012 conj.
1245 1971 1393 2011 Depulit:
1418 1981 1468 2011 pr.
1486 1970 1560 2002 Pon.
1578 1975 1613 2000 et

150 2023 201 2053 pr.
218 2014 260 2044 V.
284 2014 410 2045 Detulit
433 2014 466 2044 in
492 2014 534 2044 G.
552 2013 707 2044 Sarmatis
721 2024 775 2044 ora
789 2015 972 2045 sinna—63
995 2014 1077 2045 Tres
1103 2014 1179 2044 libri
1194 2015 1310 2055 fidosq.
1327 2015 1466 2045 sodales:
1492 2013 1611 2044 Heius.

150 2056 238 2095 conj.
262 2060 431 2097 certosque,
449 2062 485 2088 et
502 2057 618 2088 Burni.
635 2057 710 2089 Sec.
727 2057 1001 2098 firmosque—66
1026 2057 1166 2088 Plurimi
1181 2061 1267 2097 patr.
1282 2056 1368 2096 fugi.
1399 2057 1480 2088 Lov.
1507 2055 1613 2086 etiam

814 2169 959 2201 NOTAE

193 2255 234 2283 57
260 2251 351 2283 Duce
365 2246 506 2288 Neritio]
530 2249 668 2290 Ulysses
684 2254 750 2289 est,
764 2250 817 2281 cui
835 2260 854 2280 a

153 2299 273 2331 herilo
306 2298 435 2329 Ithacae
476 2299 593 2331 iusulae
632 2306 758 2340 monte,
791 2301 853 2332 hoc

909 2260 989 2290 gens
1025 2250 1122 2289 dura,
1151 2259 1252 2290 saeva,
1282 2249 1388 2288 ferox,
1416 2260 1480 2292 qua
1518 2251 1611 2281 nulla

908 2302 1132 2333 truculentior
1156 2302 1188 2332 in
1214 2307 1286 2333 toto
1311 2302 1469 2341 orbe‚-ut
1485 2302 1611 2333 alicubi

150 2349 267 2380 datum
285 2357 418 2379 nomen.

192 2402 234 2429 60
260 2398 437 2438 Dulichias]
478 2399 623 2430 Dulichii
649 2400 767 2431 insula:
785 2410 851 2431 non

149 2450 267 2491 procul
291 2449 331 2480 ab
361 2448 477 2480 lum-a
502 2450 533 2480 in
559 2450 642 2480 mari
667 2450 775 2490 lunio,
798 2451 852 2482 cui

149 2500 252 2532 etiam
271 2500 408 2539 ulysses
426 2500 618 2539 imperavit.

194 2550 324 2589 Iliacae]
370 2549 438 2580 Per
466 2550 586 2581 decem
611 2560 716 2581 annos
745 2552 852 2591 prius-

151 2609 252 2640 quam
267 2599 367 2639 Troja
383 2609 442 2630 seu
455 2600 521 2631 llio
537 2599 671 2631 domum
686 2601 727 2631 ad
743 2602 852 2633 Pene-

150 2650 251 2691 lopen
268 2660 362 2681 suam
390 2650 497 2681 redux
524 2657 614 2683 esset
635 2653 774 2693 Ulysses
801 2663 851 2684 cr-

154 2700 254 2731 ravit.

193 2753 235 2780 62
262 2749 404 2790 Geticos]
419 2750 518 2782 Getae
531 2751 572 2782 ad
586 2752 732 2784 Pontum
747 2754 852 2793 magis

152 2810 249 2842 quain
275 2800 358 2832 Daci
383 2801 415 2832 in
443 2802 623 2834 Orientem
654 2804 854 2845 vergebant,

908 2357 1058 2384 testatur
1075 2352 1177 2383 Naso.
1224 2351 1390 2393 Adeoque
1409 2352 1506 2392 pejor
1522 2352 1611 2382 illins

907 2411 1004 2443 quam
1023 2401 1151 2442 Ulyssis
1179 2411 1250 2433 sors
1278 2401 1354 2441 fuit,
1372 2403 1424 2433 hic
1441 2402 1608 2443 siquidem

907 2453 948 2483 ad
979 2462 1115 2483 uxorein
1141 2458 1243 2494 atque
1275 2454 1307 2484 in
1336 2463 1476 2494 regnum
1501 2462 1611 2484 rever-

909 2508 1052 2535 teretur.

949 2556 989 2584 63
1031 2553 1174 2593 Manum]
1215 2554 1353 2594 copias,
1380 2553 1522 2591 seilicet,
1551 2557 1609 2582 aut

907 2603 1031 2634 milites
1049 2613 1131 2644 quos
1146 2613 1260 2633 seeum
1279 2602 1435 2633 vehebat.

949 2656 989 2684 65
1021 2654 1143 2693 Victor]
1174 2652 1422 2691 Excisa'l'roja.

949 2707 989 2735 67
1016 2704 1123 2743 Sume]
1150 2704 1202 2734 De
1230 2693 1304 2734 hnc,
1321 2703 1443 2741 insula,
1470 2712 1543 2742 qua:
1573 2708 1607 2730 ct

909 2755 1128 2795 cephalonia,
1167 2754 1298 2794 Ulyssis
1335 2753 1438 2785 etiam
1468 2753 1608 2793 imperio

909 2804 1140 2845 su!›di¹a,ja1u
1158 2814 1249 2846 saepe
1265 2803 1405 2835 dictum.
