1773 3121
233 240 349 283 1676
722 248 762 277 P.
794 245 953 276 ovrnn
985 242 1196 273 NAsonrs

235 344 429 398 Sospite,
451 341 567 381 dicta
584 344 754 393 potens.
815 337 960 388 Quam
980 339 1214 390 postquam
1235 334 1447 375 barbarus
1468 330 1606 386 ignis*

235 410 448 457 Abstulit,
472 412 514 448 et
534 407 689 459 tepida
708 406 920 445 latuerunt
940 407 1059 444 tecta
1078 403 1259 453 favilla3
1600 399 1688 440 575

238 478 447 529 Congerie
469 477 512 515 in
532 474 673 514 media
692 478 783 513 tum
803 474 986 525 primum
1009 471 1178 522 cognitu
1199 481 1372 522 praepes

238 544 469 590 Subvolat,
491 547 535 581 et
558 542 724 580 cineres
745 540 916 592 plausis
937 539 1158 578 everberat
1177 537 1274 576 alis.

238 611 298 652 Et
319 622 466 658 sonUS‚
487 612 529 648 et
549 608 727 656 macies,
749 612 790 647 et
810 607 962 659 pallor,
983 610 1027 645 et
1047 605 1206 653 omnia,
1228 607 1406 655 captam

239 677 352 728 Quae
375 675 558 716 deceant
578 675 741 723 urbem,
760 686 917 713 nomen
940 685 1113 725 quoque
1133 670 1291 710 mansit
1310 670 1355 709 in
1371 668 1446 709 illa

239 744 374 785 Urbis
393 757 402 784 :
434 746 477 783 et
497 743 595 795 ipsa
616 742 708 782 suis
731 741 1008 794 deplangitur
1028 738 1176 779 Ardea
1198 737 1367 791 pennis,
1607 732 1691 774 580

601 941 719 980 ΕΑΒ.
754 939 863 979 XV.
924 939 1089 978 AEneas
1112 937 1156 976 in
1178 937 1334 977 Deum.

241 1050 377 1089 vesus,
393 1053 431 1079 ut
446 1048 687 1080 animadvertit
702 1046 809 1078 filium
835 1046 975 1077 AEneam
1002 1045 1173 1076 laboribus
1198 1043 1369 1075 exhaustis
1386 1043 1428 1073 ad
1449 1041 1550 1073 finem
1567 1041 1696 1073 venisse

286 1102 363 1141 aevi,
378 1101 480 1141 petiit
501 1101 541 1131 ab
564 1101 652 1133 Jove
669 1104 782 1140 patre,
799 1104 835 1130 ut
852 1099 1023 1140 promissis
1039 1098 1139 1129 tidem
1158 1097 1300 1129 faceret.
1341 1096 1444 1137 Cujus
1460 1096 1517 1127 ille
1539 1095 1696 1134 precibus

285 1154 409 1185 auditis
425 1152 543 1191 efficit,
559 1157 595 1182 ut
612 1153 645 1182 in
662 1161 742 1192 agro
760 1152 922 1182 Laurenti
938 1150 1076 1181 flumine
1093 1150 1252 1181 Numicio
1270 1150 1425 1181 ablueret
1441 1149 1698 1186 mortalitatem,

285 1207 443 1246 interque
470 1204 637 1244 indigetes
656 1204 746 1234 Deos
762 1202 972 1234 referretur:
996 1203 1044 1234 ita
1066 1206 1103 1233 ut
1128 1212 1147 1232 a
1172 1202 1328 1243 posteris,
1345 1202 1433 1234 sicut
1455 1201 1581 1233 ceteris
1600 1201 1698 1239 Deis,

289 1267 386 1289 sacra
402 1257 431 1287 ei
449 1257 776 1287 administrarentur.

245 1335 287 1391 J
293 1361 426 1399 AMQU
440 1362 465 1389 E
488 1350 609 1390 Deos
629 1363 794 1399 omnes,
815 1351 1042 1403 ipsamque
1064 1348 1222 1388 ZEneia
1239 1347 1374 1389 virtus

245 1419 272 1459 J
278 1431 462 1458 unonem
482 1422 651 1457 veteres
672 1417 796 1457 finire
819 1417 1024 1469 coegerat
1045 1417 1155 1456 iras:

242 1484 376 1535 Cum,
396 1486 504 1525 bene
524 1484 713 1525 fundatis
733 1485 895 1537 opibus
918 1483 1154 1524 crescentis
1177 1481 1279 1530 Iuli,

246 1550 557 1603 Tempestivus
578 1554 668 1591 erat
687 1552 802 1592 coelo
824 1549 1084 1604 Cythereius
1105 1549 1233 1589 heros
1250 1561 1261 1599 3

248 1617 562 1669 Ambieratque
585 1616 736 1656 Venus
760 1617 985 1669 Superos:
1018 1615 1222 1667 colloque
1243 1614 1434 1666 parentis
1617 1613 1702 1656 585
1759 1603 1766 1608 ⁶

246 1749 354 1786 potens
371 1745 473 1776 Turno
487 1745 645 1782 incolumi,
661 1745 725 1776 ruit
735 1756 745 1776 .-
768 1756 858 1785 quam
868 1750 1032 1787 postquam
1047 1755 1146 1777 scetus
1168 1745 1253 1783 ignis
1276 1745 1451 1784 consumsit,
1465 1746 1494 1775 et
1511 1744 1618 1774 domus
1631 1747 1703 1774 sunt

247 1789 432 1819 absconditoe
447 1787 502 1817 sub
517 1787 613 1817 calido
629 1788 742 1827 cinere,
766 1798 886 1828 praepes
908 1792 974 1819 tum
997 1790 1134 1829 primum
1158 1787 1283 1826 cognita
1308 1788 1406 1817 evolat
1420 1796 1446 1817 >e
1461 1787 1560 1817 medio
1575 1786 1704 1823 cumulo,

248 1834 339 1870 atque
355 1831 475 1861 excutit
483 1829 612 1866 favillas
626 1831 685 1860 alis
697 1832 861 1869 percussis.
906 1832 951 1860 Ec
962 1840 1034 1868 vox,
1051 1834 1082 1860 et
1097 1830 1220 1867 macies,
1236 1832 1265 1858 et
1278 1829 1388 1868 pallor,
1401 1832 1431 1859 et
1443 1829 1545 1859 omnia
1555 1838 1623 1869 quoe
1635 1838 1705 1858 con-

248 1873 374 1904 veniant
387 1873 457 1903 urbi
471 1873 607 1911 domitae,
630 1881 738 1902 nomen
753 1871 847 1902 etium
870 1872 953 1901 urbis
967 1872 1015 1901 illi
1038 1871 1167 1910 mansit,
1190 1874 1280 1909 atque
1295 1871 1362 1910 ipsa
1376 1871 1483 1901 Ardea
1505 1871 1704 1911 deplangitur

248 1925 313 1945 suzs
327 1925 446 1954 pennzs.

293 1965 353 1986 xv.
376 1957 508 1993 Jamque
521 1954 622 1984 virtus
637 1954 745 1984 AEneae
768 1954 910 1992 coegerat
926 1964 1027 1985 omnes
1043 1954 1127 1985 Deos
1141 1953 1297 1993 ipsamque
1317 1954 1471 1984 Junonem
1486 1953 1587 1994 finem
1609 1954 1705 1993 impo-

251 2007 320 2027 nere
335 1997 472 2036 antiquae
486 1996 543 2025 z'rae
555 2007 567 2032 ,·
591 2005 670 2035 cum,
686 1996 792 2035 opibus
804 1996 933 2027 Ascanii
948 1997 1112 2028 crescentis
1127 1995 1198 2026 bene
1211 1996 1403 2035 constitutis,
1416 1996 1505 2026 heros
1521 1996 1706 2036 Cythereius

251 2042 319 2070 erat
345 2042 484 2070 maturus
503 2039 573 2068 coelo
583 2048 596 2075 ,·
618 2041 709 2078 atque
732 2038 831 2069 Venus
845 2039 996 2070 ambierat
1011 2040 1117 2075 Deos;
1140 2041 1170 2070 et
1193 2038 1331 2079 projecta
1347 2040 1380 2069 in
1400 2039 1509 2069 collum
1523 2038 1572 2068 sui
1593 2038 1706 2079 patris,

863 2122 902 2134 N

252 2175 474 2205 volunt.-573
490 2175 565 2206 Bas.
576 2183 660 2205 unus
674 2173 991 2213 Armajzwat.—574
1009 2175 1130 2206 Heius.
1147 2180 1267 2207 censet
1278 2175 1497 2207 scribendum
1505 2179 1605 2216 postq.
1618 2176 1708 2207 Dar-

252 2218 350 2247 danus
375 2217 465 2247 ensis.
511 2216 608 2247 Alter
624 2217 713 2247 Mor.
739 2217 888 2247 barbarus
902 2217 1115 2249 hostis—575
1140 2219 1182 2249 In
1198 2228 1263 2249 uno
1291 2217 1420 2250 Ciofan.
1448 2222 1484 2249 et
1510 2219 1649 2250 Caelest.
1676 2223 1706 2249 et

255 2259 374 2299 trepida
390 2260 445 2289 lat.
492 2259 536 2289 Et
552 2269 612 2298 pro
629 2260 717 2298 vulg.
739 2262 903 2298 patuerunt
930 2260 1047 2291 Heius.
1073 2260 1170 2292 dedit
1194 2262 1349 2292 latuerunt
1380 2270 1423 2291 ex
1447 2261 1579 2292 Thuan.
1607 2261 1707 2292 Cant.

254 2310 305 2340 pr.
321 2301 451 2331 Erfurt.
475 2304 510 2330 et
534 2302 612 2332 Bas.
640 2305 675 2331 et
692 2301 799 2331 Gron.
816 2306 852 2332 et
868 2302 957 2332 Mor.
984 2308 1019 2333 et
1034 2303 1105 2333 aliis
1119 2304 1391 2343 plurimis—576
1416 2303 1560 2334 Plurimi
1585 2311 1601 2333 e
1626 2305 1707 2334 med.

256 2343 313 2373 alii
329 2344 382 2379 z'n;
406 2343 539 2383 quidam
553 2344 654 2373 etiam
672 2343 834 2374 omittunt
851 2345 1243 2384 praepositionem—577
1266 2346 1382 2386 Thysii
1398 2345 1458 2376 cin.
1472 2344 1628 2385 applausis
1642 2355 1709 2377 ver-

255 2385 354 2416 berat.
398 2386 478 2415 Duo
501 2385 577 2415 libri
598 2385 714 2426 plausis
729 2386 945 2423 s1c1n·erberat;
971 2387 1111 2418 totidem
1129 2388 1443 2418 circumvola—579
1464 2388 1547 2418 Tres
1565 2387 1644 2423 Quae
1699 2405 1710 2412 -

255 2430 342 2458 ceant
358 2428 426 2459 urb.
472 2428 534 2458 Illa
562 2437 604 2458 ex
631 2428 851 2468 quibusdam:
876 2430 967 2469 vulg.
983 2430 1168 2470 ἐμω-582
1194 2430 1346 2469 Coe'gerat
1363 2429 1481 2461 Heius.
1509 2429 1642 2471 recepit
1687 2439 1710 2460 x

1688 2476 1708 2495 a*

915 2525 1053 2556 NOTAE
1609 2502 1635 2514 '⁴
1668 2500 1715 2553 ‘fv‘

301 2588 363 2617 576
380 2585 520 2626 Praepes]
538 2585 630 2626 Avis,
646 2596 721 2627 quae
737 2587 836 2618 altius
853 2588 956 2628 volat,
1012 2588 1082 2619 tino
1098 2596 1215 2618 socero
1231 2590 1362 2619 mortuo
1374 2587 1552 2627 imperium
1563 2587 1600 2618 in
1612 2585 1710 2618 Ratio

260 2641 297 2667 ut
312 2636 422 2666 solent
437 2636 561 2666 ardeae.
609 2636 649 2666 In
678 2637 825 2677 auguriis
840 2637 957 2669 felices
1011 2637 1171 2676 obtinuit,
1187 2637 1243 2668 ubi
1260 2641 1296 2668 et
1310 2636 1487 2667 Lavinium
1503 2629 1698 2668 aedificavit.

261 2696 340 2717 aves
361 2686 371 2703 ‘
390 2687 572 2728 praepetes'
587 2687 757 2719 dicuntur.
1064 2689 1127 2718 584
1167 2684 1366 2727 Cythereius]
1402 2685 1535 2727 AEneas,
1567 2685 1708 2718 Veneris

303 2739 365 2767 583
390 2736 558 2777 Fundatis]
588 2738 704 2769 Turno
725 2738 838 2770 occiso
864 2739 960 2770 Lavi-
1013 2736 1195 2777 Cythereae
1211 2734 1312 2767 filius,

261 2786 350 2817 niam
368 2787 511 2818 duxerat
527 2796 666 2819 uxorem
680 2789 814 2830 AEnms,
828 2789 884 2830 qui
901 2790 961 2820 La-
1055 2789 1116 2818 585
1141 2785 1303 2825 Parentis]
1324 2784 1432 2826 Jovis,
1450 2784 1593 2818 scilicet.
