<?xml version="1.0" encoding="UTF-8"?>
<!DOCTYPE html PUBLIC "-//W3C//DTD XHTML 1.0 Transitional//EN"
    "http://www.w3.org/TR/xhtml1/DTD/xhtml1-transitional.dtd">
<html xmlns="http://www.w3.org/1999/xhtml" xml:lang="en" lang="en">
 <head>
  <title>
</title>
<meta http-equiv="Content-Type" content="text/html;charset=utf-8" />
  <meta name='ocr-system' content='tesseract 3.04.00' />
  <meta name='ocr-capabilities' content='ocr_page ocr_carea ocr_par ocr_line ocrx_word'/>
</head>
<body>
  <div class='ocr_page' id='page_1' title='image "./operaomniaexedit04oviduoft_0330.png"; bbox 0 0 1773 3121; ppageno 0'>
   <div class='ocr_carea' id='block_1_1' title="bbox 231 251 1193 309">
    <p class='ocr_par' dir='ltr' id='par_1_1' title="bbox 231 251 1193 309">
     <span class='ocr_line' id='line_1_1' title="bbox 231 251 1193 309; baseline 0 -17"><span class='ocrx_word' id='word_1_1' title='bbox 231 251 344 294; x_wconf 84' lang='lat'>1948</span> <span class='ocrx_word' id='word_1_2' title='bbox 662 308 665 309; x_wconf 15' lang='lat'><em>⁷</em></span> <span class='ocrx_word' id='word_1_3' title='bbox 716 264 755 293; x_wconf 84' lang='lat' dir='ltr'><strong>P.</strong></span> <span class='ocrx_word' id='word_1_4' title='bbox 787 262 946 294; x_wconf 82' lang='lat' dir='ltr'><strong>ovmu</strong></span> <span class='ocrx_word' id='word_1_5' title='bbox 978 260 1193 294; x_wconf 77' lang='lat' dir='ltr'><strong>NAsoNis</strong></span> 
     </span>
    </p>
   </div>
   <div class='ocr_carea' id='block_1_2' title="bbox 232 355 1685 814">
    <p class='ocr_par' dir='ltr' id='par_1_2' title="bbox 232 355 1685 477">
     <span class='ocr_line' id='line_1_2' title="bbox 232 355 1685 413; baseline -0.001 -13"><span class='ocrx_word' id='word_1_6' title='bbox 232 357 322 400; x_wconf 93' lang='lat' dir='ltr'><strong>Seu</strong></span> <span class='ocrx_word' id='word_1_7' title='bbox 342 355 460 410; x_wconf 91' lang='lat' dir='ltr'><strong>quod</strong></span> <span class='ocrx_word' id='word_1_8' title='bbox 479 355 679 410; x_wconf 86' lang='lat' dir='ltr'><strong>adusque</strong></span> <span class='ocrx_word' id='word_1_9' title='bbox 699 356 848 398; x_wconf 88' lang='lat' dir='ltr'><strong>decem</strong></span> <span class='ocrx_word' id='word_1_10' title='bbox 867 370 1045 398; x_wconf 89' lang='lat' dir='ltr'><strong>numero</strong></span> <span class='ocrx_word' id='word_1_11' title='bbox 1066 360 1283 399; x_wconf 80' lang='lat' dir='ltr'>crescente</span> <span class='ocrx_word' id='word_1_12' title='bbox 1304 357 1499 413; x_wconf 76' lang='lat' dir='ltr'><strong>venitur3</strong></span> <span class='ocrx_word' id='word_1_13' title='bbox 1598 357 1685 400; x_wconf 76' lang='lat'><strong>125</strong></span> 
     </span>
     <span class='ocr_line' id='line_1_3' title="bbox 290 424 1210 477; baseline 0.001 -13"><span class='ocrx_word' id='word_1_14' title='bbox 290 424 560 477; x_wconf 90' lang='lat' dir='ltr'><strong>Principium</strong></span> <span class='ocrx_word' id='word_1_15' title='bbox 575 424 730 477; x_wconf 83' lang='lat' dir='ltr'><strong>spatiis</strong></span> <span class='ocrx_word' id='word_1_16' title='bbox 753 426 930 466; x_wconf 87' lang='lat' dir='ltr'><strong>sumitur</strong></span> <span class='ocrx_word' id='word_1_17' title='bbox 947 426 1049 465; x_wconf 89' lang='lat' dir='ltr'><strong>inde</strong></span> <span class='ocrx_word' id='word_1_18' title='bbox 1069 425 1210 465; x_wconf 85' lang='lat' dir='ltr'><strong>novis.</strong></span> 
     </span>
    </p>

    <p class='ocr_par' dir='ltr' id='par_1_3' title="bbox 233 491 1270 613">
     <span class='ocr_line' id='line_1_4' title="bbox 233 491 1258 544; baseline 0.001 -13"><span class='ocrx_word' id='word_1_19' title='bbox 233 491 342 532; x_wconf 92' lang='lat' dir='ltr'><strong>Inde</strong></span> <span class='ocrx_word' id='word_1_20' title='bbox 362 504 491 544; x_wconf 85' lang='lat' dir='ltr'><strong>pares</strong></span> <span class='ocrx_word' id='word_1_21' title='bbox 512 494 681 532; x_wconf 92' lang='lat' dir='ltr'><strong>centum</strong></span> <span class='ocrx_word' id='word_1_22' title='bbox 700 492 835 534; x_wconf 91' lang='lat' dir='ltr'><strong>denos</strong></span> <span class='ocrx_word' id='word_1_23' title='bbox 858 494 1045 533; x_wconf 87' lang='lat' dir='ltr'><strong>secrevit</strong></span> <span class='ocrx_word' id='word_1_24' title='bbox 1066 493 1110 532; x_wconf 92' lang='lat' dir='ltr'><strong>in</strong></span> <span class='ocrx_word' id='word_1_25' title='bbox 1131 493 1258 533; x_wconf 88' lang='lat' dir='ltr'><strong>orbes</strong></span> 
     </span>
     <span class='ocr_line' id='line_1_5' title="bbox 291 558 1270 613; baseline 0.001 -15"><span class='ocrx_word' id='word_1_26' title='bbox 291 558 511 599; x_wconf 88' lang='lat' dir='ltr'><strong>Romulus</strong></span> <span class='ocrx_word' id='word_1_27' title='bbox 528 573 537 600; x_wconf 78' lang='grc' dir='ltr'>ε</span> <span class='ocrx_word' id='word_1_28' title='bbox 572 560 790 601; x_wconf 84' lang='lat' dir='ltr'><strong>Hastatos</strong></span> <span class='ocrx_word' id='word_1_29' title='bbox 810 561 1083 613; x_wconf 83' lang='lat' dir='ltr'><strong>instituitque</strong></span> <span class='ocrx_word' id='word_1_30' title='bbox 1104 560 1270 600; x_wconf 89' lang='lat' dir='ltr'><strong>decem.</strong></span> 
     </span>
    </p>

    <p class='ocr_par' dir='ltr' id='par_1_4' title="bbox 232 625 1355 748">
     <span class='ocr_line' id='line_1_6' title="bbox 232 625 1355 680; baseline 0 -14"><span class='ocrx_word' id='word_1_31' title='bbox 232 625 290 666; x_wconf 90' lang='lat' dir='ltr'><strong>Et</strong></span> <span class='ocrx_word' id='word_1_32' title='bbox 309 626 491 667; x_wconf 86' lang='lat' dir='ltr'><strong>totidem</strong></span> <span class='ocrx_word' id='word_1_33' title='bbox 514 626 741 680; x_wconf 83' lang='lat' dir='ltr'><strong>Princeps,</strong></span> <span class='ocrx_word' id='word_1_34' title='bbox 762 627 938 669; x_wconf 91' lang='lat' dir='ltr'><strong>totidem</strong></span> <span class='ocrx_word' id='word_1_35' title='bbox 960 627 1144 667; x_wconf 86' lang='lat' dir='ltr'><strong>Pilanus</strong></span> <span class='ocrx_word' id='word_1_36' title='bbox 1162 626 1355 667; x_wconf 84' lang='lat' dir='ltr'><strong>habebat</strong></span> 
     </span>
     <span class='ocr_line' id='line_1_7' title="bbox 291 686 1297 748; baseline 0.001 -15"><span class='ocrx_word' id='word_1_37' title='bbox 291 686 514 746; x_wconf 83' lang='lat' dir='ltr'>Corpora:</span> <span class='ocrx_word' id='word_1_38' title='bbox 546 694 740 746; x_wconf 84' lang='lat' dir='ltr'><strong>legitimo</strong></span> <span class='ocrx_word' id='word_1_39' title='bbox 766 696 928 748; x_wconf 91' lang='lat' dir='ltr'><strong>quique</strong></span> <span class='ocrx_word' id='word_1_40' title='bbox 949 695 1147 735; x_wconf 84' lang='lat' dir='ltr'><strong>merebat</strong></span> <span class='ocrx_word' id='word_1_41' title='bbox 1168 706 1297 747; x_wconf 80' lang='lat' dir='ltr'><strong>equo,</strong></span> 
     </span>
    </p>

    <p class='ocr_par' dir='ltr' id='par_1_5' title="bbox 234 760 1319 814">
     <span class='ocr_line' id='line_1_8' title="bbox 234 760 1319 814; baseline 0.001 -13"><span class='ocrx_word' id='word_1_42' title='bbox 234 760 354 811; x_wconf 86' lang='lat' dir='ltr'><strong>Quin</strong></span> <span class='ocrx_word' id='word_1_43' title='bbox 375 763 507 802; x_wconf 83' lang='lat' dir='ltr'><strong>etiam</strong></span> <span class='ocrx_word' id='word_1_44' title='bbox 527 766 675 814; x_wconf 83' lang='lat' dir='ltr'><strong>partes</strong></span> <span class='ocrx_word' id='word_1_45' title='bbox 693 762 872 803; x_wconf 90' lang='lat' dir='ltr'><strong>totidem</strong></span> <span class='ocrx_word' id='word_1_46' title='bbox 892 763 1164 803; x_wconf 85' lang='lat' dir='ltr'><strong>Titiensibus</strong></span> <span class='ocrx_word' id='word_1_47' title='bbox 1185 763 1319 810; x_wconf 90' lang='lat' dir='ltr'><strong>idem,</strong></span> 
     </span>
    </p>
   </div>
   <div class='ocr_carea' id='block_1_3' title="bbox 290 827 1417 882">
    <p class='ocr_par' dir='ltr' id='par_1_6' title="bbox 290 827 1417 882">
     <span class='ocr_line' id='line_1_9' title="bbox 290 827 1417 882; baseline 0.001 -14"><span class='ocrx_word' id='word_1_48' title='bbox 290 827 504 881; x_wconf 84' lang='lat' dir='ltr'><strong>Quosque</strong></span> <span class='ocrx_word' id='word_1_49' title='bbox 523 833 682 869; x_wconf 83' lang='lat' dir='ltr'><strong>vocant</strong></span> <span class='ocrx_word' id='word_1_50' title='bbox 703 829 910 878; x_wconf 82' lang='lat' dir='ltr'><strong>Ramnes,</strong></span> <span class='ocrx_word' id='word_1_51' title='bbox 933 830 1259 882; x_wconf 85' lang='lat' dir='ltr'><strong>Luceribusque</strong></span> <span class='ocrx_word' id='word_1_52' title='bbox 1282 828 1417 870; x_wconf 86' lang='lat' dir='ltr'><strong>dedit.</strong></span> 
     </span>
    </p>
   </div>
   <div class='ocr_carea' id='block_1_4' title="bbox 1601 691 1685 733">
    <p class='ocr_par' dir='ltr' id='par_1_7' title="bbox 1601 691 1685 733">
     <span class='ocr_line' id='line_1_10' title="bbox 1601 691 1685 733; baseline -0.012 0"><span class='ocrx_word' id='word_1_53' title='bbox 1601 691 1685 733; x_wconf 81' lang='lat'><strong>130</strong></span> 
     </span>
    </p>
   </div>
   <div class='ocr_carea' id='block_1_5' title="bbox 231 962 1689 1174">
    <p class='ocr_par' dir='ltr' id='par_1_8' title="bbox 231 962 1689 1174">
     <span class='ocr_line' id='line_1_11' title="bbox 231 962 1686 1004; baseline 0.001 -11"><span class='ocrx_word' id='word_1_54' title='bbox 231 962 347 993; x_wconf 77' lang='lat' dir='ltr'><strong>decimo</strong></span> <span class='ocrx_word' id='word_1_55' title='bbox 362 972 472 994; x_wconf 86' lang='lat' dir='ltr'><strong>mense.</strong></span> <span class='ocrx_word' id='word_1_56' title='bbox 518 964 581 994; x_wconf 84' lang='lat' dir='ltr'><strong>Seu</strong></span> <span class='ocrx_word' id='word_1_57' title='bbox 596 965 673 1004; x_wconf 84' lang='lat' dir='ltr'><strong>quod</strong></span> <span class='ocrx_word' id='word_1_58' title='bbox 688 964 865 994; x_wconf 74' lang='lat' dir='ltr'><strong>ascenditur</strong></span> <span class='ocrx_word' id='word_1_59' title='bbox 878 974 972 1003; x_wconf 85' lang='lat' dir='ltr'><strong>usque</strong></span> <span class='ocrx_word' id='word_1_60' title='bbox 987 965 1026 994; x_wconf 79' lang='lat' dir='ltr'><strong>acl</strong></span> <span class='ocrx_word' id='word_1_61' title='bbox 1039 965 1153 1001; x_wconf 83' lang='lat' dir='ltr'><strong>decem,</strong></span> <span class='ocrx_word' id='word_1_62' title='bbox 1176 973 1299 994; x_wconf 81' lang='lat' dir='ltr'><strong>numero</strong></span> <span class='ocrx_word' id='word_1_63' title='bbox 1314 966 1463 994; x_wconf 82' lang='lat' dir='ltr'><strong>crescente</strong></span> <span class='ocrx_word' id='word_1_64' title='bbox 1474 973 1486 999; x_wconf 88' lang='lat'><strong>‚·</strong></span> <span class='ocrx_word' id='word_1_65' title='bbox 1508 963 1579 994; x_wconf 85' lang='lat' dir='ltr'><strong>inde</strong></span> <span class='ocrx_word' id='word_1_66' title='bbox 1592 963 1686 994; x_wconf 80' lang='lat' dir='ltr'><strong>sumi-</strong></span> 
     </span>
     <span class='ocr_line' id='line_1_12' title="bbox 231 1005 1687 1046; baseline 0.001 -12"><span class='ocrx_word' id='word_1_67' title='bbox 231 1007 284 1035; x_wconf 85' lang='lat' dir='ltr'><strong>tur</strong></span> <span class='ocrx_word' id='word_1_68' title='bbox 298 1005 424 1035; x_wconf 81' lang='lat' dir='ltr'><strong>initium</strong></span> <span class='ocrx_word' id='word_1_69' title='bbox 438 1006 549 1045; x_wconf 80' lang='lat' dir='ltr'><strong>spatiis</strong></span> <span class='ocrx_word' id='word_1_70' title='bbox 561 1006 658 1037; x_wconf 75' lang='lat' dir='ltr'><strong>nocis.</strong></span> <span class='ocrx_word' id='word_1_71' title='bbox 704 1006 790 1036; x_wconf 86' lang='lat' dir='ltr'><strong>Hinc</strong></span> <span class='ocrx_word' id='word_1_72' title='bbox 810 1007 954 1037; x_wconf 83' lang='lat' dir='ltr'><strong>Romulus</strong></span> <span class='ocrx_word' id='word_1_73' title='bbox 966 1007 1075 1037; x_wconf 80' lang='lat' dir='ltr'><strong>divisit</strong></span> <span class='ocrx_word' id='word_1_74' title='bbox 1090 1010 1211 1036; x_wconf 87' lang='lat' dir='ltr'><strong>centum</strong></span> <span class='ocrx_word' id='word_1_75' title='bbox 1226 1006 1357 1046; x_wconf 77' lang='lat' dir='ltr'><strong>oequales</strong></span> <span class='ocrx_word' id='word_1_76' title='bbox 1373 1007 1405 1036; x_wconf 85' lang='lat' dir='ltr'><strong>in</strong></span> <span class='ocrx_word' id='word_1_77' title='bbox 1421 1007 1512 1036; x_wconf 80' lang='lat' dir='ltr'><strong>denos</strong></span> <span class='ocrx_word' id='word_1_78' title='bbox 1526 1005 1633 1041; x_wconf 77' lang='lat' dir='ltr'><strong>m&#39;be83</strong></span> <span class='ocrx_word' id='word_1_79' title='bbox 1655 1008 1687 1036; x_wconf 84' lang='lat' dir='ltr'><strong>et</strong></span> 
     </span>
     <span class='ocr_line' id='line_1_13' title="bbox 231 1046 1689 1089; baseline 0.001 -13"><span class='ocrx_word' id='word_1_80' title='bbox 231 1046 371 1077; x_wconf 74' lang='lat' dir='ltr'><strong>instituit</strong></span> <span class='ocrx_word' id='word_1_81' title='bbox 391 1049 492 1078; x_wconf 81' lang='lat' dir='ltr'><strong>decem</strong></span> <span class='ocrx_word' id='word_1_82' title='bbox 509 1048 670 1080; x_wconf 80' lang='lat' dir='ltr'><strong>Hastatos.</strong></span> <span class='ocrx_word' id='word_1_83' title='bbox 715 1050 818 1088; x_wconf 80' lang='lat' dir='ltr'><strong>Atque</strong></span> <span class='ocrx_word' id='word_1_84' title='bbox 835 1049 986 1089; x_wconf 83' lang='lat' dir='ltr'><strong>Princeps</strong></span> <span class='ocrx_word' id='word_1_85' title='bbox 1002 1049 1128 1079; x_wconf 78' lang='lat' dir='ltr'><strong>habebat</strong></span> <span class='ocrx_word' id='word_1_86' title='bbox 1154 1049 1282 1079; x_wconf 77' lang='lat' dir='ltr'><strong>totidem</strong></span> <span class='ocrx_word' id='word_1_87' title='bbox 1304 1058 1444 1088; x_wconf 76' lang='lat' dir='ltr'><strong>corpora,</strong></span> <span class='ocrx_word' id='word_1_88' title='bbox 1472 1048 1601 1078; x_wconf 85' lang='lat' dir='ltr'><strong>Pilanus</strong></span> <span class='ocrx_word' id='word_1_89' title='bbox 1613 1048 1689 1078; x_wconf 87' lang='lat' dir='ltr'><strong>toti-</strong></span> 
     </span>
     <span class='ocr_line' id='line_1_14' title="bbox 232 1089 1688 1131; baseline 0.001 -12"><span class='ocrx_word' id='word_1_90' title='bbox 232 1089 323 1125; x_wconf 80' lang='lat' dir='ltr'><strong>dem;</strong></span> <span class='ocrx_word' id='word_1_91' title='bbox 346 1093 375 1119; x_wconf 86' lang='lat' dir='ltr'><strong>et</strong></span> <span class='ocrx_word' id='word_1_92' title='bbox 391 1092 443 1129; x_wconf 84' lang='lat' dir='ltr'><strong>qui</strong></span> <span class='ocrx_word' id='word_1_93' title='bbox 459 1091 612 1121; x_wconf 76' lang='lat' dir='ltr'><strong>militabat</strong></span> <span class='ocrx_word' id='word_1_94' title='bbox 636 1101 709 1131; x_wconf 86' lang='lat' dir='ltr'><strong>equo</strong></span> <span class='ocrx_word' id='word_1_95' title='bbox 731 1091 878 1130; x_wconf 83' lang='lat' dir='ltr'><strong>legitimo.</strong></span> <span class='ocrx_word' id='word_1_96' title='bbox 927 1091 1108 1127; x_wconf 75' lang='lat' dir='ltr'><strong>Quinetiam</strong></span> <span class='ocrx_word' id='word_1_97' title='bbox 1132 1091 1214 1121; x_wconf 76' lang='lat' dir='ltr'><strong>idem</strong></span> <span class='ocrx_word' id='word_1_98' title='bbox 1239 1091 1410 1130; x_wconf 71' lang='lat' dir='ltr'><strong>assignavit</strong></span> <span class='ocrx_word' id='word_1_99' title='bbox 1435 1090 1563 1120; x_wconf 82' lang='lat' dir='ltr'><strong>totidem</strong></span> <span class='ocrx_word' id='word_1_100' title='bbox 1584 1092 1688 1130; x_wconf 82' lang='lat' dir='ltr'><strong>partes</strong></span> 
     </span>
     <span class='ocr_line' id='line_1_15' title="bbox 236 1130 1688 1174; baseline 0 -12"><span class='ocrx_word' id='word_1_101' title='bbox 236 1130 432 1172; x_wconf 51' lang='lat' dir='ltr'><strong>Titiensibus,</strong></span> <span class='ocrx_word' id='word_1_102' title='bbox 457 1136 487 1163; x_wconf 81' lang='lat' dir='ltr'><strong>et</strong></span> <span class='ocrx_word' id='word_1_103' title='bbox 508 1133 546 1164; x_wconf 88' lang='lat' dir='ltr'><strong>iis</strong></span> <span class='ocrx_word' id='word_1_104' title='bbox 568 1143 641 1174; x_wconf 84' lang='lat' dir='ltr'><strong>quos</strong></span> <span class='ocrx_word' id='word_1_105' title='bbox 664 1135 823 1174; x_wconf 81' lang='lat' dir='ltr'><strong>appellant</strong></span> <span class='ocrx_word' id='word_1_106' title='bbox 839 1134 986 1174; x_wconf 85' lang='lat' dir='ltr'><strong>Ramnes,</strong></span> <span class='ocrx_word' id='word_1_107' title='bbox 1011 1137 1102 1174; x_wconf 85' lang='lat' dir='ltr'><strong>atque</strong></span> <span class='ocrx_word' id='word_1_108' title='bbox 1117 1133 1296 1165; x_wconf 74' lang='lat' dir='ltr'><strong>Luceribus.</strong></span> <span class='ocrx_word' id='word_1_109' title='bbox 1344 1133 1526 1164; x_wconf 82' lang='lat' dir='ltr'><strong>Observavit</strong></span> <span class='ocrx_word' id='word_1_110' title='bbox 1542 1141 1614 1172; x_wconf 77' lang='lat' dir='ltr'><strong>ergo</strong></span> <span class='ocrx_word' id='word_1_111' title='bbox 1630 1141 1688 1163; x_wconf 88' lang='lat' dir='ltr'><strong>nu-</strong></span> 
     </span>
    </p>
   </div>
   <div class='ocr_carea' id='block_1_6' title="bbox 845 1217 1078 1230">
    <p class='ocr_par' dir='ltr' id='par_1_9' title="bbox 845 1217 1078 1230">
     <span class='ocr_line' id='line_1_16' title="bbox 845 1217 1078 1230; baseline -0.004 -1"><span class='ocrx_word' id='word_1_112' title='bbox 845 1217 1078 1230; x_wconf 64' lang='lat' dir='ltr'><strong>eeeeeeeeeeee</strong></span> 
     </span>
    </p>
   </div>
   <div class='ocr_carea' id='block_1_7' title="bbox 232 1280 1687 1406">
    <p class='ocr_par' dir='ltr' id='par_1_10' title="bbox 232 1280 1687 1406">
     <span class='ocr_line' id='line_1_17' title="bbox 233 1280 1687 1321; baseline -0.002 -8"><span class='ocrx_word' id='word_1_113' title='bbox 233 1281 328 1313; x_wconf 86' lang='lat' dir='ltr'><strong>Med.</strong></span> <span class='ocrx_word' id='word_1_114' title='bbox 342 1284 378 1311; x_wconf 87' lang='lat' dir='ltr'><strong>et</strong></span> <span class='ocrx_word' id='word_1_115' title='bbox 391 1281 474 1312; x_wconf 85' lang='lat' dir='ltr'><strong>alius</strong></span> <span class='ocrx_word' id='word_1_116' title='bbox 485 1291 541 1320; x_wconf 82' lang='lat' dir='ltr'><strong>per</strong></span> <span class='ocrx_word' id='word_1_117' title='bbox 551 1285 622 1321; x_wconf 82' lang='lat' dir='ltr'><strong>quot</strong></span> <span class='ocrx_word' id='word_1_118' title='bbox 634 1284 827 1312; x_wconf 63' lang='lat' dir='ltr'><strong>num—126</strong></span> <span class='ocrx_word' id='word_1_119' title='bbox 840 1281 941 1312; x_wconf 87' lang='lat' dir='ltr'><strong>Liber</strong></span> <span class='ocrx_word' id='word_1_120' title='bbox 953 1280 1054 1312; x_wconf 90' lang='lat' dir='ltr'><strong>Statii</strong></span> <span class='ocrx_word' id='word_1_121' title='bbox 1065 1281 1174 1312; x_wconf 79' lang='lat' dir='ltr'><strong>Princ.</strong></span> <span class='ocrx_word' id='word_1_122' title='bbox 1185 1281 1322 1312; x_wconf 84' lang='lat' dir='ltr'><strong>numeris</strong></span> <span class='ocrx_word' id='word_1_123' title='bbox 1335 1283 1518 1316; x_wconf 70' lang='lat' dir='ltr'><strong>surm—127</strong></span> <span class='ocrx_word' id='word_1_124' title='bbox 1533 1281 1632 1311; x_wconf 87' lang='lat' dir='ltr'><strong>Pares</strong></span> <span class='ocrx_word' id='word_1_125' title='bbox 1644 1288 1687 1310; x_wconf 87' lang='lat' dir='ltr'><strong>ex</strong></span> 
     </span>
     <span class='ocr_line' id='line_1_18' title="bbox 232 1323 1687 1364; baseline -0.001 -10"><span class='ocrx_word' id='word_1_126' title='bbox 232 1323 426 1354; x_wconf 87' lang='lat' dir='ltr'><strong>melioribus</strong></span> <span class='ocrx_word' id='word_1_127' title='bbox 439 1324 575 1363; x_wconf 87' lang='lat' dir='ltr'><strong>scriptis</strong></span> <span class='ocrx_word' id='word_1_128' title='bbox 589 1324 707 1355; x_wconf 86' lang='lat' dir='ltr'><strong>Heius.</strong></span> <span class='ocrx_word' id='word_1_129' title='bbox 718 1324 814 1355; x_wconf 81' lang='lat' dir='ltr'><strong>dedit</strong></span> <span class='ocrx_word' id='word_1_130' title='bbox 828 1333 889 1364; x_wconf 86' lang='lat' dir='ltr'><strong>pro</strong></span> <span class='ocrx_word' id='word_1_131' title='bbox 901 1325 989 1363; x_wconf 84' lang='lat' dir='ltr'><strong>vulg.</strong></span> <span class='ocrx_word' id='word_1_132' title='bbox 1002 1327 1107 1363; x_wconf 82' lang='lat' dir='ltr'><strong>patres</strong></span> <span class='ocrx_word' id='word_1_133' title='bbox 1122 1326 1228 1354; x_wconf 76' lang='lat'>--128</span> <span class='ocrx_word' id='word_1_134' title='bbox 1239 1324 1281 1354; x_wconf 88' lang='lat' dir='ltr'><strong>V.</strong></span> <span class='ocrx_word' id='word_1_135' title='bbox 1294 1324 1339 1354; x_wconf 92' lang='lat' dir='ltr'><strong>H.</strong></span> <span class='ocrx_word' id='word_1_136' title='bbox 1348 1323 1687 1363; x_wconf 78' lang='lat' dir='ltr'><strong>constituitque.—l29</strong></span> 
     </span>
     <span class='ocr_line' id='line_1_19' title="bbox 234 1364 1687 1406; baseline -0.001 -9"><span class='ocrx_word' id='word_1_137' title='bbox 234 1366 323 1398; x_wconf 86' lang='lat' dir='ltr'><strong>Maz.</strong></span> <span class='ocrx_word' id='word_1_138' title='bbox 334 1369 394 1397; x_wconf 82' lang='lat' dir='ltr'><strong>tot.</strong></span> <span class='ocrx_word' id='word_1_139' title='bbox 406 1366 571 1397; x_wconf 81' lang='lat' dir='ltr'><strong>Pilumnus</strong></span> <span class='ocrx_word' id='word_1_140' title='bbox 581 1366 761 1397; x_wconf 78' lang='lat' dir='ltr'><strong>hab.—130</strong></span> <span class='ocrx_word' id='word_1_141' title='bbox 775 1367 876 1397; x_wconf 90' lang='lat' dir='ltr'><strong>Multi</strong></span> <span class='ocrx_word' id='word_1_142' title='bbox 888 1366 1011 1406; x_wconf 80' lang='lat' dir='ltr'><strong>quisque</strong></span> <span class='ocrx_word' id='word_1_143' title='bbox 1022 1376 1083 1406; x_wconf 90' lang='lat' dir='ltr'><strong>pro</strong></span> <span class='ocrx_word' id='word_1_144' title='bbox 1095 1366 1320 1406; x_wconf 64' lang='lat' dir='ltr'><strong>quique—131</strong></span> <span class='ocrx_word' id='word_1_145' title='bbox 1334 1364 1403 1396; x_wconf 89' lang='lat' dir='ltr'><strong>Alii</strong></span> <span class='ocrx_word' id='word_1_146' title='bbox 1415 1364 1608 1396; x_wconf 78' lang='lat' dir='ltr'><strong>Totiensibus</strong></span> <span class='ocrx_word' id='word_1_147' title='bbox 1617 1365 1687 1395; x_wconf 79' lang='lat' dir='ltr'><strong>ille:</strong></span> 
     </span>
    </p>
   </div>
   <div class='ocr_carea' id='block_1_8' title="bbox 896 1469 1036 1501">
    <p class='ocr_par' dir='ltr' id='par_1_11' title="bbox 896 1469 1036 1501">
     <span class='ocr_line' id='line_1_20' title="bbox 896 1469 1036 1501; baseline -0.007 0"><span class='ocrx_word' id='word_1_148' title='bbox 896 1469 1036 1501; x_wconf 87' lang='lat' dir='ltr'>NOTAE</span> 
     </span>
    </p>
   </div>
   <div class='ocr_carea' id='block_1_9' title="bbox 230 1554 937 2742">
    <p class='ocr_par' dir='ltr' id='par_1_12' title="bbox 235 1554 455 1587">
     <span class='ocr_line' id='line_1_21' title="bbox 235 1554 455 1587; baseline -0.005 0"><span class='ocrx_word' id='word_1_149' title='bbox 235 1554 455 1587; x_wconf 82' lang='lat' dir='ltr'><strong>crediderint.</strong></span> 
     </span>
    </p>

    <p class='ocr_par' dir='ltr' id='par_1_13' title="bbox 233 1605 935 1837">
     <span class='ocr_line' id='line_1_22' title="bbox 278 1605 934 1645; baseline -0.003 -7"><span class='ocrx_word' id='word_1_150' title='bbox 278 1609 337 1638; x_wconf 80' lang='lat'><strong>125</strong></span> <span class='ocrx_word' id='word_1_151' title='bbox 362 1605 494 1645; x_wconf 88' lang='lat' dir='ltr'><strong>Decem]</strong></span> <span class='ocrx_word' id='word_1_152' title='bbox 527 1605 673 1638; x_wconf 85' lang='lat' dir='ltr'><strong>Quando</strong></span> <span class='ocrx_word' id='word_1_153' title='bbox 699 1606 788 1637; x_wconf 87' lang='lat' dir='ltr'><strong>enim</strong></span> <span class='ocrx_word' id='word_1_154' title='bbox 815 1606 848 1636; x_wconf 91' lang='lat' dir='ltr'><strong>in</strong></span> <span class='ocrx_word' id='word_1_155' title='bbox 875 1615 934 1636; x_wconf 91' lang='lat' dir='ltr'><strong>nu—</strong></span> 
     </span>
     <span class='ocr_line' id='line_1_23' title="bbox 233 1656 935 1696; baseline -0.001 -9"><span class='ocrx_word' id='word_1_156' title='bbox 233 1656 395 1687; x_wconf 87' lang='lat' dir='ltr'><strong>merando</strong></span> <span class='ocrx_word' id='word_1_157' title='bbox 424 1656 566 1687; x_wconf 83' lang='lat' dir='ltr'><strong>ulterius</strong></span> <span class='ocrx_word' id='word_1_158' title='bbox 594 1656 844 1696; x_wconf 82' lang='lat' dir='ltr'><strong>progredimur,</strong></span> <span class='ocrx_word' id='word_1_159' title='bbox 874 1665 935 1696; x_wconf 88' lang='lat' dir='ltr'><strong>per</strong></span> 
     </span>
     <span class='ocr_line' id='line_1_24' title="bbox 233 1705 935 1737; baseline -0.001 0"><span class='ocrx_word' id='word_1_160' title='bbox 233 1705 490 1737; x_wconf 81' lang='lat' dir='ltr'><strong>reiterationem</strong></span> <span class='ocrx_word' id='word_1_161' title='bbox 507 1705 587 1736; x_wconf 89' lang='lat' dir='ltr'><strong>illud</strong></span> <span class='ocrx_word' id='word_1_162' title='bbox 614 1705 654 1737; x_wconf 92' lang='lat' dir='ltr'><strong>fit</strong></span> <span class='ocrx_word' id='word_1_163' title='bbox 676 1706 858 1737; x_wconf 87' lang='lat' dir='ltr'><strong>eorundem</strong></span> <span class='ocrx_word' id='word_1_164' title='bbox 875 1715 935 1737; x_wconf 89' lang='lat' dir='ltr'><strong>nu-</strong></span> 
     </span>
     <span class='ocr_line' id='line_1_25' title="bbox 233 1755 935 1788; baseline 0.003 -2"><span class='ocrx_word' id='word_1_165' title='bbox 233 1765 402 1787; x_wconf 90' lang='lat' dir='ltr'><strong>merorum</strong></span> <span class='ocrx_word' id='word_1_166' title='bbox 419 1755 462 1786; x_wconf 88' lang='lat' dir='ltr'><strong>ab</strong></span> <span class='ocrx_word' id='word_1_167' title='bbox 480 1756 610 1787; x_wconf 86' lang='lat' dir='ltr'><strong>unitate</strong></span> <span class='ocrx_word' id='word_1_168' title='bbox 627 1756 669 1787; x_wconf 87' lang='lat' dir='ltr'><strong>ad</strong></span> <span class='ocrx_word' id='word_1_169' title='bbox 688 1756 853 1788; x_wconf 89' lang='lat' dir='ltr'><strong>decimum</strong></span> <span class='ocrx_word' id='word_1_170' title='bbox 875 1766 935 1788; x_wconf 89' lang='lat' dir='ltr'><strong>nu-</strong></span> 
     </span>
     <span class='ocr_line' id='line_1_26' title="bbox 234 1800 374 1837; baseline -0.007 0"><span class='ocrx_word' id='word_1_171' title='bbox 234 1800 374 1837; x_wconf 81' lang='lat' dir='ltr'><strong>merum.</strong></span> 
     </span>
    </p>

    <p class='ocr_par' dir='ltr' id='par_1_14' title="bbox 234 1857 937 1997">
     <span class='ocr_line' id='line_1_27' title="bbox 278 1857 937 1898; baseline -0.003 -9"><span class='ocrx_word' id='word_1_172' title='bbox 278 1861 340 1889; x_wconf 83' lang='lat'><strong>126</strong></span> <span class='ocrx_word' id='word_1_173' title='bbox 362 1857 497 1898; x_wconf 72' lang='lat' dir='ltr'><strong>spatiis]</strong></span> <span class='ocrx_word' id='word_1_174' title='bbox 518 1858 635 1898; x_wconf 86' lang='lat' dir='ltr'><strong>Spatia</strong></span> <span class='ocrx_word' id='word_1_175' title='bbox 659 1861 759 1889; x_wconf 89' lang='lat' dir='ltr'><strong>vocat</strong></span> <span class='ocrx_word' id='word_1_176' title='bbox 780 1866 937 1888; x_wconf 86' lang='lat' dir='ltr'><strong>numeros</strong></span> 
     </span>
     <span class='ocr_line' id='line_1_28' title="bbox 234 1907 936 1949; baseline -0.001 -10"><span class='ocrx_word' id='word_1_177' title='bbox 234 1917 348 1939; x_wconf 89' lang='lat' dir='ltr'><strong>omues</strong></span> <span class='ocrx_word' id='word_1_178' title='bbox 375 1908 431 1948; x_wconf 93' lang='lat' dir='ltr'><strong>qui</strong></span> <span class='ocrx_word' id='word_1_179' title='bbox 457 1917 560 1947; x_wconf 87' lang='lat' dir='ltr'><strong>supra.</strong></span> <span class='ocrx_word' id='word_1_180' title='bbox 586 1907 704 1938; x_wconf 85' lang='lat' dir='ltr'><strong>decem</strong></span> <span class='ocrx_word' id='word_1_181' title='bbox 732 1907 774 1937; x_wconf 92' lang='lat' dir='ltr'><strong>ad</strong></span> <span class='ocrx_word' id='word_1_182' title='bbox 803 1907 936 1949; x_wconf 81' lang='lat' dir='ltr'><strong>viginti,</strong></span> 
     </span>
     <span class='ocr_line' id='line_1_29' title="bbox 234 1956 678 1997; baseline -0.002 -9"><span class='ocrx_word' id='word_1_183' title='bbox 234 1956 388 1997; x_wconf 82' lang='lat' dir='ltr'><strong>triginta,</strong></span> <span class='ocrx_word' id='word_1_184' title='bbox 399 1959 463 1988; x_wconf 85' lang='lat' dir='ltr'><strong>&amp;c.</strong></span> <span class='ocrx_word' id='word_1_185' title='bbox 480 1961 678 1988; x_wconf 83' lang='lat' dir='ltr'><strong>excurrunt.</strong></span> 
     </span>
    </p>

    <p class='ocr_par' dir='ltr' id='par_1_15' title="bbox 278 2005 741 2046">
     <span class='ocr_line' id='line_1_30' title="bbox 278 2005 741 2046; baseline 0 -10"><span class='ocrx_word' id='word_1_186' title='bbox 278 2007 371 2046; x_wconf 87' lang='lat' dir='ltr'><strong>Inde]</strong></span> <span class='ocrx_word' id='word_1_187' title='bbox 396 2005 427 2036; x_wconf 92' lang='lat' dir='ltr'><strong>A</strong></span> <span class='ocrx_word' id='word_1_188' title='bbox 442 2015 582 2036; x_wconf 89' lang='lat' dir='ltr'><strong>numero</strong></span> <span class='ocrx_word' id='word_1_189' title='bbox 599 2005 741 2036; x_wconf 89' lang='lat' dir='ltr'><strong>decimo.</strong></span> 
     </span>
    </p>

    <p class='ocr_par' dir='ltr' id='par_1_16' title="bbox 236 2054 933 2135">
     <span class='ocr_line' id='line_1_31' title="bbox 279 2054 933 2094; baseline -0.002 -9"><span class='ocrx_word' id='word_1_190' title='bbox 279 2057 340 2085; x_wconf 87' lang='grc'><strong>127</strong></span> <span class='ocrx_word' id='word_1_191' title='bbox 373 2054 466 2094; x_wconf 85' lang='lat' dir='ltr'><strong>Inde]</strong></span> <span class='ocrx_word' id='word_1_192' title='bbox 500 2055 552 2085; x_wconf 86' lang='lat' dir='ltr'><strong>Ex</strong></span> <span class='ocrx_word' id='word_1_193' title='bbox 582 2064 624 2085; x_wconf 90' lang='lat' dir='ltr'><strong>ea</strong></span> <span class='ocrx_word' id='word_1_194' title='bbox 650 2054 779 2086; x_wconf 86' lang='lat' dir='ltr'><strong>denarii</strong></span> <span class='ocrx_word' id='word_1_195' title='bbox 803 2054 933 2085; x_wconf 88' lang='lat' dir='ltr'><strong>numeri</strong></span> 
     </span>
     <span class='ocr_line' id='line_1_32' title="bbox 236 2105 380 2135; baseline 0 0"><span class='ocrx_word' id='word_1_196' title='bbox 236 2105 380 2135; x_wconf 85' lang='lat' dir='ltr'><strong>ratione.</strong></span> 
     </span>
    </p>

    <p class='ocr_par' dir='ltr' id='par_1_17' title="bbox 235 2153 934 2394">
     <span class='ocr_line' id='line_1_33' title="bbox 277 2153 934 2195; baseline 0.002 -10"><span class='ocrx_word' id='word_1_197' title='bbox 277 2153 392 2193; x_wconf 80' lang='lat' dir='ltr'><strong>Pares]</strong></span> <span class='ocrx_word' id='word_1_198' title='bbox 429 2155 483 2184; x_wconf 89' lang='lat' dir='ltr'><strong>Ne</strong></span> <span class='ocrx_word' id='word_1_199' title='bbox 514 2153 642 2185; x_wconf 88' lang='lat' dir='ltr'><strong>referas</strong></span> <span class='ocrx_word' id='word_1_200' title='bbox 671 2155 713 2185; x_wconf 89' lang='lat' dir='ltr'><strong>ad</strong></span> <span class='ocrx_word' id='word_1_201' title='bbox 743 2155 859 2195; x_wconf 86' lang='lat' dir='ltr'><strong>denos,</strong></span> <span class='ocrx_word' id='word_1_202' title='bbox 896 2160 934 2186; x_wconf 90' lang='lat' dir='ltr'><strong>ut</strong></span> 
     </span>
     <span class='ocr_line' id='line_1_34' title="bbox 236 2203 934 2245; baseline 0 -10"><span class='ocrx_word' id='word_1_203' title='bbox 236 2203 356 2235; x_wconf 84' lang='lat' dir='ltr'><strong>suadet</strong></span> <span class='ocrx_word' id='word_1_204' title='bbox 382 2203 646 2243; x_wconf 88' lang='lat' dir='ltr'><strong>Commentator‚</strong></span> <span class='ocrx_word' id='word_1_205' title='bbox 672 2214 814 2245; x_wconf 86' lang='lat' dir='ltr'><strong>namque</strong></span> <span class='ocrx_word' id='word_1_206' title='bbox 839 2204 934 2245; x_wconf 89' lang='lat' dir='ltr'><strong>inep-</strong></span> 
     </span>
     <span class='ocr_line' id='line_1_35' title="bbox 235 2252 934 2292; baseline 0.001 -8"><span class='ocrx_word' id='word_1_207' title='bbox 235 2258 307 2285; x_wconf 90' lang='lat' dir='ltr'><strong>tum</strong></span> <span class='ocrx_word' id='word_1_208' title='bbox 323 2252 425 2292; x_wconf 88' lang='lat' dir='ltr'><strong>foret,</strong></span> <span class='ocrx_word' id='word_1_209' title='bbox 442 2257 478 2284; x_wconf 87' lang='lat' dir='ltr'><strong>et</strong></span> <span class='ocrx_word' id='word_1_210' title='bbox 503 2263 522 2284; x_wconf 84' lang='lat' dir='ltr'><strong>a</strong></span> <span class='ocrx_word' id='word_1_211' title='bbox 546 2254 692 2285; x_wconf 88' lang='lat' dir='ltr'><strong>Nasonis</strong></span> <span class='ocrx_word' id='word_1_212' title='bbox 709 2255 838 2286; x_wconf 88' lang='lat' dir='ltr'><strong>ratione</strong></span> <span class='ocrx_word' id='word_1_213' title='bbox 854 2255 934 2285; x_wconf 85' lang='lat' dir='ltr'><strong>alie-</strong></span> 
     </span>
     <span class='ocr_line' id='line_1_36' title="bbox 235 2303 933 2344; baseline 0.004 -11"><span class='ocrx_word' id='word_1_214' title='bbox 235 2313 327 2334; x_wconf 84' lang='lat' dir='ltr'><strong>num.</strong></span> <span class='ocrx_word' id='word_1_215' title='bbox 371 2303 436 2333; x_wconf 86' lang='lat' dir='ltr'><strong>Sed</strong></span> <span class='ocrx_word' id='word_1_216' title='bbox 466 2312 567 2343; x_wconf 86' lang='lat' dir='ltr'><strong>pares</strong></span> <span class='ocrx_word' id='word_1_217' title='bbox 593 2304 744 2344; x_wconf 81' lang='lat' dir='ltr'><strong>intellige</strong></span> <span class='ocrx_word' id='word_1_218' title='bbox 769 2309 869 2336; x_wconf 79' lang='lat' dir='ltr'><strong>aetate</strong></span> <span class='ocrx_word' id='word_1_219' title='bbox 897 2309 933 2336; x_wconf 89' lang='lat' dir='ltr'><strong>et</strong></span> 
     </span>
     <span class='ocr_line' id='line_1_37' title="bbox 236 2353 537 2394; baseline 0 -10"><span class='ocrx_word' id='word_1_220' title='bbox 236 2353 359 2384; x_wconf 89' lang='lat' dir='ltr'><strong>robore</strong></span> <span class='ocrx_word' id='word_1_221' title='bbox 376 2354 537 2394; x_wconf 75' lang='lat' dir='ltr'><strong>aequales·</strong></span> 
     </span>
    </p>

    <p class='ocr_par' dir='ltr' id='par_1_18' title="bbox 236 2403 934 2484">
     <span class='ocr_line' id='line_1_38' title="bbox 278 2403 934 2443; baseline 0.003 -10"><span class='ocrx_word' id='word_1_222' title='bbox 278 2404 383 2434; x_wconf 85' lang='lat' dir='ltr'><strong>Denos</strong></span> <span class='ocrx_word' id='word_1_223' title='bbox 397 2403 498 2443; x_wconf 83' lang='lat' dir='ltr'><strong>orbes]</strong></span> <span class='ocrx_word' id='word_1_224' title='bbox 517 2403 749 2435; x_wconf 85' lang='lat' dir='ltr'><strong>Contubernia</strong></span> <span class='ocrx_word' id='word_1_225' title='bbox 764 2403 934 2436; x_wconf 86' lang='lat' dir='ltr'><strong>dixerunt.</strong></span> 
     </span>
     <span class='ocr_line' id='line_1_39' title="bbox 236 2453 487 2484; baseline 0 0"><span class='ocrx_word' id='word_1_226' title='bbox 236 2453 325 2484; x_wconf 84' lang='lat' dir='ltr'>Gall.</span> <span class='ocrx_word' id='word_1_227' title='bbox 342 2453 487 2484; x_wconf 82' lang='lat' dir='ltr'><strong>Dizaine.</strong></span> 
     </span>
    </p>

    <p class='ocr_par' dir='ltr' id='par_1_19' title="bbox 230 2503 934 2642">
     <span class='ocr_line' id='line_1_40' title="bbox 278 2503 934 2543; baseline 0.005 -10"><span class='ocrx_word' id='word_1_228' title='bbox 278 2505 340 2533; x_wconf 85' lang='lat'><strong>128</strong></span> <span class='ocrx_word' id='word_1_229' title='bbox 374 2503 541 2543; x_wconf 79' lang='lat' dir='ltr'><strong>Hastatos]</strong></span> <span class='ocrx_word' id='word_1_230' title='bbox 575 2504 713 2536; x_wconf 85' lang='lat' dir='ltr'><strong>Hastati</strong></span> <span class='ocrx_word' id='word_1_231' title='bbox 743 2505 827 2536; x_wconf 91' lang='lat' dir='ltr'><strong>dicti</strong></span> <span class='ocrx_word' id='word_1_232' title='bbox 855 2508 934 2536; x_wconf 89' lang='lat' dir='ltr'><strong>sunt</strong></span> 
     </span>
     <span class='ocr_line' id='line_1_41' title="bbox 237 2553 931 2595; baseline 0.004 -13"><span class='ocrx_word' id='word_1_233' title='bbox 237 2553 345 2593; x_wconf 89' lang='lat' dir='ltr'><strong>primo</strong></span> <span class='ocrx_word' id='word_1_234' title='bbox 357 2553 413 2593; x_wconf 84' lang='lat' dir='ltr'><strong>qui</strong></span> <span class='ocrx_word' id='word_1_235' title='bbox 429 2553 532 2583; x_wconf 85' lang='lat' dir='ltr'><strong>hastis</strong></span> <span class='ocrx_word' id='word_1_236' title='bbox 545 2554 752 2593; x_wconf 86' lang='lat' dir='ltr'><strong>pugnabant,</strong></span> <span class='ocrx_word' id='word_1_237' title='bbox 766 2554 799 2584; x_wconf 90' lang='lat' dir='ltr'><strong>iu</strong></span> <span class='ocrx_word' id='word_1_238' title='bbox 811 2554 931 2595; x_wconf 89' lang='lat' dir='ltr'><strong>quibus</strong></span> 
     </span>
     <span class='ocr_line' id='line_1_42' title="bbox 230 2602 796 2642; baseline 0.004 -10"><span class='ocrx_word' id='word_1_239' title='bbox 230 2602 374 2642; x_wconf 86' lang='lat' dir='ltr'><strong>juvenes</strong></span> <span class='ocrx_word' id='word_1_240' title='bbox 391 2606 488 2633; x_wconf 89' lang='lat' dir='ltr'><strong>erant</strong></span> <span class='ocrx_word' id='word_1_241' title='bbox 504 2606 539 2633; x_wconf 88' lang='lat' dir='ltr'><strong>et</strong></span> <span class='ocrx_word' id='word_1_242' title='bbox 554 2602 796 2634; x_wconf 85' lang='lat' dir='ltr'><strong>adolescentes.</strong></span> 
     </span>
    </p>

    <p class='ocr_par' dir='ltr' id='par_1_20' title="bbox 236 2651 933 2742">
     <span class='ocr_line' id='line_1_43' title="bbox 279 2651 933 2692; baseline 0 -10"><span class='ocrx_word' id='word_1_243' title='bbox 279 2651 409 2691; x_wconf 85' lang='lat' dir='ltr'><strong>Decem]</strong></span> <span class='ocrx_word' id='word_1_244' title='bbox 439 2652 507 2684; x_wconf 83' lang='lat' dir='ltr'><strong>Qui</strong></span> <span class='ocrx_word' id='word_1_245' title='bbox 530 2651 653 2692; x_wconf 87' lang='lat' dir='ltr'><strong>singuli</strong></span> <span class='ocrx_word' id='word_1_246' title='bbox 676 2655 787 2682; x_wconf 85' lang='lat' dir='ltr'><strong>tamen</strong></span> <span class='ocrx_word' id='word_1_247' title='bbox 813 2661 933 2683; x_wconf 90' lang='lat' dir='ltr'><strong>novem</strong></span> 
     </span>
     <span class='ocr_line' id='line_1_44' title="bbox 236 2700 931 2742; baseline 0.003 -11"><span class='ocrx_word' id='word_1_248' title='bbox 236 2700 297 2732; x_wconf 87' lang='lat' dir='ltr'><strong>sub</strong></span> <span class='ocrx_word' id='word_1_249' title='bbox 327 2710 363 2732; x_wconf 79' lang='lat' dir='ltr'><strong>se</strong></span> <span class='ocrx_word' id='word_1_250' title='bbox 391 2700 555 2732; x_wconf 83' lang='lat' dir='ltr'><strong>haberent</strong></span> <span class='ocrx_word' id='word_1_251' title='bbox 588 2701 741 2742; x_wconf 83' lang='lat' dir='ltr'><strong>ejusdem</strong></span> <span class='ocrx_word' id='word_1_252' title='bbox 776 2702 931 2742; x_wconf 87' lang='lat' dir='ltr'><strong>generis:</strong></span> 
     </span>
    </p>
   </div>
   <div class='ocr_carea' id='block_1_10' title="bbox 236 2751 933 2833">
    <p class='ocr_par' dir='ltr' id='par_1_21' title="bbox 236 2751 933 2833">
     <span class='ocr_line' id='line_1_45' title="bbox 236 2751 933 2832; baseline 0.007 -53"><span class='ocrx_word' id='word_1_253' title='bbox 236 2759 381 2832; x_wconf 45' lang='lat' dir='ltr'><strong>§amque</strong></span> <span class='ocrx_word' id='word_1_254' title='bbox 405 2751 459 2784; x_wconf 84' lang='lat' dir='ltr'><strong>hic</strong></span> <span class='ocrx_word' id='word_1_255' title='bbox 484 2751 598 2793; x_wconf 76' lang='lat' dir='ltr'><strong>capita</strong></span> <span class='ocrx_word' id='word_1_256' title='bbox 621 2755 751 2784; x_wconf 79' lang='lat' dir='ltr'><strong>tantum</strong></span> <span class='ocrx_word' id='word_1_257' title='bbox 777 2756 933 2784; x_wconf 82' lang='lat' dir='ltr'><strong>recenset</strong></span> 
     </span>
     <span class='ocr_line' id='line_1_46' title="bbox 273 2808 345 2833; baseline 0.014 -1"><span class='ocrx_word' id='word_1_258' title='bbox 273 2808 345 2833; x_wconf 82' lang='lat' dir='ltr'><strong>aso.</strong></span> 
     </span>
    </p>
   </div>
   <div class='ocr_carea' id='block_1_11' title="bbox 986 1552 1730 2845">
    <p class='ocr_par' dir='ltr' id='par_1_22' title="bbox 986 1552 1690 1686">
     <span class='ocr_line' id='line_1_47' title="bbox 1031 1552 1689 1594; baseline 0 -10"><span class='ocrx_word' id='word_1_259' title='bbox 1031 1556 1093 1584; x_wconf 89' lang='grc'><strong>129</strong></span> <span class='ocrx_word' id='word_1_260' title='bbox 1116 1553 1281 1594; x_wconf 82' lang='lat' dir='ltr'><strong>Princeps]</strong></span> <span class='ocrx_word' id='word_1_261' title='bbox 1304 1555 1354 1585; x_wconf 90' lang='lat' dir='ltr'><strong>Eo</strong></span> <span class='ocrx_word' id='word_1_262' title='bbox 1373 1553 1507 1584; x_wconf 88' lang='lat' dir='ltr'><strong>nomine</strong></span> <span class='ocrx_word' id='word_1_263' title='bbox 1523 1552 1689 1594; x_wconf 77' lang='lat' dir='ltr'><strong>appellati</strong></span> 
     </span>
     <span class='ocr_line' id='line_1_48' title="bbox 986 1603 1690 1645; baseline -0.003 -9"><span class='ocrx_word' id='word_1_264' title='bbox 986 1604 1065 1644; x_wconf 88' lang='lat' dir='ltr'><strong>viri,</strong></span> <span class='ocrx_word' id='word_1_265' title='bbox 1080 1604 1137 1645; x_wconf 92' lang='lat' dir='ltr'><strong>qui</strong></span> <span class='ocrx_word' id='word_1_266' title='bbox 1154 1614 1174 1636; x_wconf 87' lang='lat' dir='ltr'><strong>a</strong></span> <span class='ocrx_word' id='word_1_267' title='bbox 1191 1605 1357 1645; x_wconf 88' lang='lat' dir='ltr'><strong>principio</strong></span> <span class='ocrx_word' id='word_1_268' title='bbox 1372 1603 1492 1645; x_wconf 84' lang='lat' dir='ltr'><strong>gladiis</strong></span> <span class='ocrx_word' id='word_1_269' title='bbox 1508 1613 1578 1635; x_wconf 91' lang='lat' dir='ltr'><strong>rem</strong></span> <span class='ocrx_word' id='word_1_270' title='bbox 1594 1612 1690 1644; x_wconf 86' lang='lat' dir='ltr'><strong>gere-</strong></span> 
     </span>
     <span class='ocr_line' id='line_1_49' title="bbox 986 1655 1082 1686; baseline -0.01 0"><span class='ocrx_word' id='word_1_271' title='bbox 986 1655 1082 1686; x_wconf 83' lang='lat' dir='ltr'><strong>bant.</strong></span> 
     </span>
    </p>

    <p class='ocr_par' dir='ltr' id='par_1_23' title="bbox 989 1703 1690 1895">
     <span class='ocr_line' id='line_1_50' title="bbox 1030 1703 1687 1745; baseline -0.003 -9"><span class='ocrx_word' id='word_1_272' title='bbox 1030 1705 1176 1745; x_wconf 85' lang='lat' dir='ltr'><strong>Pilanus]</strong></span> <span class='ocrx_word' id='word_1_273' title='bbox 1212 1705 1325 1736; x_wconf 85' lang='lat' dir='ltr'><strong>Pilani</strong></span> <span class='ocrx_word' id='word_1_274' title='bbox 1357 1705 1367 1722; x_wconf 91' lang='lat'>‘</span> <span class='ocrx_word' id='word_1_275' title='bbox 1390 1703 1524 1735; x_wconf 84' lang='lat' dir='ltr'><strong>Triarii&#39;</strong></span> <span class='ocrx_word' id='word_1_276' title='bbox 1553 1712 1687 1745; x_wconf 90' lang='lat' dir='ltr'><strong>quoque</strong></span> 
     </span>
     <span class='ocr_line' id='line_1_51' title="bbox 990 1754 1690 1796; baseline -0.003 -10"><span class='ocrx_word' id='word_1_277' title='bbox 990 1755 1073 1787; x_wconf 90' lang='lat' dir='ltr'><strong>dicti</strong></span> <span class='ocrx_word' id='word_1_278' title='bbox 1089 1760 1165 1786; x_wconf 81' lang='lat' dir='ltr'><strong>sunt</strong></span> <span class='ocrx_word' id='word_1_279' title='bbox 1182 1755 1238 1796; x_wconf 88' lang='lat' dir='ltr'><strong>qui</strong></span> <span class='ocrx_word' id='word_1_280' title='bbox 1255 1755 1359 1787; x_wconf 88' lang='lat' dir='ltr'><strong>tertio</strong></span> <span class='ocrx_word' id='word_1_281' title='bbox 1383 1754 1502 1786; x_wconf 80' lang='lat' dir='ltr'><strong>ordine</strong></span> <span class='ocrx_word' id='word_1_282' title='bbox 1527 1754 1602 1794; x_wconf 89' lang='lat' dir='ltr'><strong>pilis</strong></span> <span class='ocrx_word' id='word_1_283' title='bbox 1618 1759 1690 1785; x_wconf 77' lang='lat' dir='ltr'><strong>cer-</strong></span> 
     </span>
     <span class='ocr_line' id='line_1_52' title="bbox 990 1805 1689 1846; baseline -0.004 -9"><span class='ocrx_word' id='word_1_284' title='bbox 990 1805 1121 1844; x_wconf 84' lang='lat' dir='ltr'><strong>tabant,</strong></span> <span class='ocrx_word' id='word_1_285' title='bbox 1153 1810 1189 1837; x_wconf 89' lang='lat' dir='ltr'><strong>et</strong></span> <span class='ocrx_word' id='word_1_286' title='bbox 1219 1805 1381 1846; x_wconf 83' lang='lat' dir='ltr'><strong>subsidio,</strong></span> <span class='ocrx_word' id='word_1_287' title='bbox 1411 1807 1531 1844; x_wconf 88' lang='lat' dir='ltr'><strong>utpote</strong></span> <span class='ocrx_word' id='word_1_288' title='bbox 1556 1808 1689 1835; x_wconf 85' lang='lat' dir='ltr'><strong>matura</strong></span> 
     </span>
     <span class='ocr_line' id='line_1_53' title="bbox 989 1855 1353 1895; baseline -0.005 -8"><span class='ocrx_word' id='word_1_289' title='bbox 989 1860 1107 1895; x_wconf 83' lang='lat' dir='ltr'><strong>aetate,</strong></span> <span class='ocrx_word' id='word_1_290' title='bbox 1120 1855 1353 1887; x_wconf 83' lang='lat' dir='ltr'><strong>servabantur.</strong></span> 
     </span>
    </p>

    <p class='ocr_par' dir='ltr' id='par_1_24' title="bbox 988 1904 1687 1988">
     <span class='ocr_line' id='line_1_54' title="bbox 1032 1904 1687 1946; baseline -0.006 -8"><span class='ocrx_word' id='word_1_291' title='bbox 1032 1910 1094 1938; x_wconf 83' lang='lat'><strong>130</strong></span> <span class='ocrx_word' id='word_1_292' title='bbox 1117 1906 1288 1946; x_wconf 83' lang='lat' dir='ltr'><strong>Legitimo]</strong></span> <span class='ocrx_word' id='word_1_293' title='bbox 1314 1907 1407 1945; x_wconf 88' lang='lat' dir='ltr'><strong>Lege</strong></span> <span class='ocrx_word' id='word_1_294' title='bbox 1432 1909 1468 1936; x_wconf 89' lang='lat' dir='ltr'><strong>et</strong></span> <span class='ocrx_word' id='word_1_295' title='bbox 1494 1904 1536 1935; x_wconf 89' lang='lat' dir='ltr'><strong>de</strong></span> <span class='ocrx_word' id='word_1_296' title='bbox 1552 1904 1687 1945; x_wconf 88' lang='lat' dir='ltr'><strong>publico</strong></span> 
     </span>
     <span class='ocr_line' id='line_1_55' title="bbox 988 1958 1080 1988; baseline 0 0"><span class='ocrx_word' id='word_1_297' title='bbox 988 1958 1080 1988; x_wconf 85' lang='lat' dir='ltr'><strong>dato.</strong></span> 
     </span>
    </p>

    <p class='ocr_par' dir='ltr' id='par_1_25' title="bbox 986 2003 1730 2286">
     <span class='ocr_line' id='line_1_56' title="bbox 1032 2003 1687 2046; baseline -0.003 -10"><span class='ocrx_word' id='word_1_298' title='bbox 1032 2005 1166 2046; x_wconf 81' lang='lat' dir='ltr'><strong>Quique]</strong></span> <span class='ocrx_word' id='word_1_299' title='bbox 1188 2005 1266 2045; x_wconf 78' lang='lat' dir='ltr'><strong>Qui,</strong></span> <span class='ocrx_word' id='word_1_300' title='bbox 1281 2004 1403 2046; x_wconf 81' lang='lat' dir='ltr'><strong>inquit,</strong></span> <span class='ocrx_word' id='word_1_301' title='bbox 1417 2003 1570 2035; x_wconf 89' lang='lat' dir='ltr'><strong>merebat</strong></span> <span class='ocrx_word' id='word_1_302' title='bbox 1585 2011 1687 2044; x_wconf 89' lang='lat' dir='ltr'><strong>equo,</strong></span> 
     </span>
     <span class='ocr_line' id='line_1_57' title="bbox 988 2053 1687 2095; baseline -0.001 -9"><span class='ocrx_word' id='word_1_303' title='bbox 988 2060 1047 2087; x_wconf 89' lang='lat' dir='ltr'><strong>aut</strong></span> <span class='ocrx_word' id='word_1_304' title='bbox 1076 2055 1258 2094; x_wconf 78' lang='lat' dir='ltr'><strong>militabat,</strong></span> <span class='ocrx_word' id='word_1_305' title='bbox 1288 2059 1389 2095; x_wconf 82' lang='lat' dir='ltr'><strong>atque</strong></span> <span class='ocrx_word' id='word_1_306' title='bbox 1428 2053 1514 2084; x_wconf 85' lang='lat' dir='ltr'><strong>adeo</strong></span> <span class='ocrx_word' id='word_1_307' title='bbox 1546 2053 1687 2085; x_wconf 83' lang='lat' dir='ltr'><strong>decurio</strong></span> 
     </span>
     <span class='ocr_line' id='line_1_58' title="bbox 986 2104 1689 2144; baseline -0.001 -9"><span class='ocrx_word' id='word_1_308' title='bbox 986 2104 1136 2135; x_wconf 85' lang='lat' dir='ltr'><strong>habebat</strong></span> <span class='ocrx_word' id='word_1_309' title='bbox 1160 2105 1275 2135; x_wconf 85' lang='lat' dir='ltr'><strong>decem</strong></span> <span class='ocrx_word' id='word_1_310' title='bbox 1299 2113 1460 2144; x_wconf 87' lang='lat' dir='ltr'><strong>corpora:</strong></span> <span class='ocrx_word' id='word_1_311' title='bbox 1488 2112 1598 2144; x_wconf 86' lang='lat' dir='ltr'><strong>neque</strong></span> <span class='ocrx_word' id='word_1_312' title='bbox 1615 2108 1689 2134; x_wconf 88' lang='lat' dir='ltr'><strong>tan-</strong></span> 
     </span>
     <span class='ocr_line' id='line_1_59' title="bbox 988 2153 1686 2195; baseline 0 -10"><span class='ocrx_word' id='word_1_313' title='bbox 988 2160 1059 2186; x_wconf 87' lang='lat' dir='ltr'><strong>tum</strong></span> <span class='ocrx_word' id='word_1_314' title='bbox 1076 2155 1229 2195; x_wconf 77' lang='lat' dir='ltr'><strong>peditum</strong></span> <span class='ocrx_word' id='word_1_315' title='bbox 1254 2163 1378 2194; x_wconf 86' lang='lat' dir='ltr'><strong>genera</strong></span> <span class='ocrx_word' id='word_1_316' title='bbox 1401 2154 1436 2184; x_wconf 88' lang='lat' dir='ltr'><strong>in</strong></span> <span class='ocrx_word' id='word_1_317' title='bbox 1462 2153 1580 2185; x_wconf 89' lang='lat' dir='ltr'><strong>decem</strong></span> <span class='ocrx_word' id='word_1_318' title='bbox 1595 2164 1686 2195; x_wconf 84' lang='lat' dir='ltr'><strong>quae-</strong></span> 
     </span>
     <span class='ocr_line' id='line_1_60' title="bbox 988 2203 1730 2246; baseline 0 -11"><span class='ocrx_word' id='word_1_319' title='bbox 988 2214 1053 2246; x_wconf 91' lang='lat' dir='ltr'><strong>que</strong></span> <span class='ocrx_word' id='word_1_320' title='bbox 1069 2208 1185 2245; x_wconf 84' lang='lat' dir='ltr'><strong>partes</strong></span> <span class='ocrx_word' id='word_1_321' title='bbox 1202 2203 1394 2242; x_wconf 82' lang='lat' dir='ltr'><strong>distributa,</strong></span> <span class='ocrx_word' id='word_1_322' title='bbox 1409 2203 1468 2235; x_wconf 90' lang='lat' dir='ltr'><strong>sed</strong></span> <span class='ocrx_word' id='word_1_323' title='bbox 1485 2208 1521 2235; x_wconf 92' lang='lat' dir='ltr'><strong>et</strong></span> <span class='ocrx_word' id='word_1_324' title='bbox 1535 2203 1688 2245; x_wconf 82' lang='lat' dir='ltr'><strong>equitum</strong></span> <span class='ocrx_word' id='word_1_325' title='bbox 1723 2219 1730 2227; x_wconf 84' lang='lat'>·</span> 
     </span>
     <span class='ocr_line' id='line_1_61' title="bbox 987 2254 1336 2286; baseline -0.003 0"><span class='ocrx_word' id='word_1_326' title='bbox 987 2255 1105 2286; x_wconf 88' lang='lat' dir='ltr'><strong>eadem</strong></span> <span class='ocrx_word' id='word_1_327' title='bbox 1123 2254 1188 2286; x_wconf 84' lang='lat' dir='ltr'><strong>fuit</strong></span> <span class='ocrx_word' id='word_1_328' title='bbox 1204 2254 1336 2286; x_wconf 89' lang='lat' dir='ltr'><strong>divisio.</strong></span> 
     </span>
    </p>

    <p class='ocr_par' dir='ltr' id='par_1_26' title="bbox 1031 2304 1687 2345">
     <span class='ocr_line' id='line_1_62' title="bbox 1031 2304 1687 2345; baseline 0.003 -10"><span class='ocrx_word' id='word_1_329' title='bbox 1031 2308 1090 2336; x_wconf 82' lang='lat'><strong>131</strong></span> <span class='ocrx_word' id='word_1_330' title='bbox 1116 2305 1246 2345; x_wconf 84' lang='lat' dir='ltr'><strong>Partes]</strong></span> <span class='ocrx_word' id='word_1_331' title='bbox 1267 2305 1360 2338; x_wconf 83' lang='lat' dir='ltr'><strong>Quas</strong></span> <span class='ocrx_word' id='word_1_332' title='bbox 1376 2304 1496 2336; x_wconf 87' lang='lat' dir='ltr'><strong>Curias</strong></span> <span class='ocrx_word' id='word_1_333' title='bbox 1516 2304 1687 2337; x_wconf 87' lang='lat' dir='ltr'><strong>dixerunt.</strong></span> 
     </span>
    </p>

    <p class='ocr_par' dir='ltr' id='par_1_27' title="bbox 987 2354 1690 2536">
     <span class='ocr_line' id='line_1_63' title="bbox 1035 2354 1690 2396; baseline -0.002 -10"><span class='ocrx_word' id='word_1_334' title='bbox 1035 2354 1238 2394; x_wconf 80' lang='lat' dir='ltr'><strong>Titiensibus]</strong></span> <span class='ocrx_word' id='word_1_335' title='bbox 1261 2354 1291 2386; x_wconf 92' lang='lat' dir='ltr'><strong>A</strong></span> <span class='ocrx_word' id='word_1_336' title='bbox 1307 2355 1384 2386; x_wconf 88' lang='lat' dir='ltr'><strong>Tito</strong></span> <span class='ocrx_word' id='word_1_337' title='bbox 1399 2355 1497 2385; x_wconf 87' lang='lat' dir='ltr'><strong>Tatio</strong></span> <span class='ocrx_word' id='word_1_338' title='bbox 1515 2355 1690 2396; x_wconf 86' lang='lat' dir='ltr'><strong>appellata</strong></span> 
     </span>
     <span class='ocr_line' id='line_1_64' title="bbox 989 2405 1687 2443; baseline -0.001 -7"><span class='ocrx_word' id='word_1_339' title='bbox 989 2408 1042 2436; x_wconf 91' lang='lat' dir='ltr'><strong>est</strong></span> <span class='ocrx_word' id='word_1_340' title='bbox 1069 2415 1136 2436; x_wconf 85' lang='lat' dir='ltr'><strong>una</strong></span> <span class='ocrx_word' id='word_1_341' title='bbox 1160 2415 1204 2436; x_wconf 80' lang='lat' dir='ltr'><strong>ex</strong></span> <span class='ocrx_word' id='word_1_342' title='bbox 1229 2405 1337 2436; x_wconf 85' lang='lat' dir='ltr'><strong>tribus</strong></span> <span class='ocrx_word' id='word_1_343' title='bbox 1368 2405 1432 2436; x_wconf 84' lang='lat' dir='ltr'><strong>illis</strong></span> <span class='ocrx_word' id='word_1_344' title='bbox 1460 2405 1626 2443; x_wconf 84' lang='lat' dir='ltr'><strong>tribubus,</strong></span> <span class='ocrx_word' id='word_1_345' title='bbox 1651 2405 1687 2435; x_wconf 88' lang='lat' dir='ltr'><strong>in</strong></span> 
     </span>
     <span class='ocr_line' id='line_1_65' title="bbox 989 2453 1685 2497; baseline -0.001 -11"><span class='ocrx_word' id='word_1_346' title='bbox 989 2465 1069 2497; x_wconf 89' lang='lat' dir='ltr'><strong>quas</strong></span> <span class='ocrx_word' id='word_1_347' title='bbox 1085 2455 1246 2496; x_wconf 88' lang='lat' dir='ltr'><strong>populum</strong></span> <span class='ocrx_word' id='word_1_348' title='bbox 1263 2455 1453 2488; x_wconf 86' lang='lat' dir='ltr'><strong>Romanum</strong></span> <span class='ocrx_word' id='word_1_349' title='bbox 1478 2453 1595 2484; x_wconf 84' lang='lat' dir='ltr'><strong>divisit</strong></span> <span class='ocrx_word' id='word_1_350' title='bbox 1618 2454 1685 2485; x_wconf 87' lang='lat' dir='ltr'><strong>Ro-</strong></span> 
     </span>
     <span class='ocr_line' id='line_1_66' title="bbox 987 2506 1108 2536; baseline -0.008 0"><span class='ocrx_word' id='word_1_351' title='bbox 987 2506 1108 2536; x_wconf 88' lang='lat' dir='ltr'><strong>mulus.</strong></span> 
     </span>
    </p>

    <p class='ocr_par' dir='ltr' id='par_1_28' title="bbox 986 2551 1685 2744">
     <span class='ocr_line' id='line_1_67' title="bbox 1030 2551 1684 2592; baseline -0.002 -7"><span class='ocrx_word' id='word_1_352' title='bbox 1030 2556 1090 2585; x_wconf 82' lang='lat'><strong>132</strong></span> <span class='ocrx_word' id='word_1_353' title='bbox 1106 2552 1255 2592; x_wconf 79' lang='lat' dir='ltr'><strong>Ramnes]</strong></span> <span class='ocrx_word' id='word_1_354' title='bbox 1277 2553 1484 2583; x_wconf 86' lang='lat' dir='ltr'><strong>Ramnenses</strong></span> <span class='ocrx_word' id='word_1_355' title='bbox 1501 2561 1520 2583; x_wconf 89' lang='lat' dir='ltr'><strong>a</strong></span> <span class='ocrx_word' id='word_1_356' title='bbox 1536 2551 1684 2587; x_wconf 85' lang='lat' dir='ltr'><strong>Romulo</strong></span> 
     </span>
     <span class='ocr_line' id='line_1_68' title="bbox 986 2602 1684 2643; baseline 0 -9"><span class='ocrx_word' id='word_1_357' title='bbox 986 2603 1096 2634; x_wconf 89' lang='lat' dir='ltr'><strong>dictos</strong></span> <span class='ocrx_word' id='word_1_358' title='bbox 1112 2603 1291 2633; x_wconf 87' lang='lat' dir='ltr'><strong>voluerunt</strong></span> <span class='ocrx_word' id='word_1_359' title='bbox 1307 2602 1364 2643; x_wconf 88' lang='lat' dir='ltr'><strong>qui</strong></span> <span class='ocrx_word' id='word_1_360' title='bbox 1392 2602 1535 2633; x_wconf 85' lang='lat' dir='ltr'><strong>alteram</strong></span> <span class='ocrx_word' id='word_1_361' title='bbox 1560 2603 1684 2634; x_wconf 84' lang='lat' dir='ltr'><strong>tribum</strong></span> 
     </span>
     <span class='ocr_line' id='line_1_69' title="bbox 987 2652 1685 2694; baseline 0.001 -11"><span class='ocrx_word' id='word_1_362' title='bbox 987 2653 1172 2683; x_wconf 86' lang='lat' dir='ltr'><strong>Romanam</strong></span> <span class='ocrx_word' id='word_1_363' title='bbox 1208 2652 1476 2691; x_wconf 80' lang='lat' dir='ltr'><strong>constituerunt3</strong></span> <span class='ocrx_word' id='word_1_364' title='bbox 1509 2657 1612 2694; x_wconf 84' lang='lat' dir='ltr'><strong>atque</strong></span> <span class='ocrx_word' id='word_1_365' title='bbox 1649 2652 1685 2684; x_wconf 87' lang='lat' dir='ltr'><strong>id</strong></span> 
     </span>
     <span class='ocr_line' id='line_1_70' title="bbox 987 2702 1476 2744; baseline 0.004 -12"><span class='ocrx_word' id='word_1_366' title='bbox 987 2702 1122 2744; x_wconf 87' lang='lat' dir='ltr'><strong>quidem</strong></span> <span class='ocrx_word' id='word_1_367' title='bbox 1137 2703 1246 2733; x_wconf 83' lang='lat' dir='ltr'><strong>Tusca</strong></span> <span class='ocrx_word' id='word_1_368' title='bbox 1261 2704 1476 2744; x_wconf 87' lang='lat' dir='ltr'><strong>etymologia.</strong></span> 
     </span>
    </p>

    <p class='ocr_par' dir='ltr' id='par_1_29' title="bbox 987 2751 1685 2845">
     <span class='ocr_line' id='line_1_71' title="bbox 1034 2751 1685 2792; baseline 0.006 -10"><span class='ocrx_word' id='word_1_369' title='bbox 1034 2751 1211 2792; x_wconf 71' lang='lat' dir='ltr'><strong>Luem-ibus]</strong></span> <span class='ocrx_word' id='word_1_370' title='bbox 1231 2753 1349 2783; x_wconf 89' lang='lat' dir='ltr'><strong>Tertia</strong></span> <span class='ocrx_word' id='word_1_371' title='bbox 1363 2753 1472 2785; x_wconf 91' lang='lat' dir='ltr'><strong>tribus</strong></span> <span class='ocrx_word' id='word_1_372' title='bbox 1487 2763 1507 2784; x_wconf 90' lang='lat' dir='ltr'><strong>a</strong></span> <span class='ocrx_word' id='word_1_373' title='bbox 1520 2753 1685 2786; x_wconf 87' lang='lat' dir='ltr'><strong>Lucumo-</strong></span> 
     </span>
     <span class='ocr_line' id='line_1_72' title="bbox 987 2802 1683 2845; baseline 0 -11"><span class='ocrx_word' id='word_1_374' title='bbox 987 2812 1028 2834; x_wconf 87' lang='lat' dir='ltr'><strong>ue</strong></span> <span class='ocrx_word' id='word_1_375' title='bbox 1045 2802 1190 2845; x_wconf 85' lang='lat' dir='ltr'><strong>quodam</strong></span> <span class='ocrx_word' id='word_1_376' title='bbox 1217 2812 1277 2834; x_wconf 78' lang='lat' dir='ltr'><strong>seu</strong></span> <span class='ocrx_word' id='word_1_377' title='bbox 1301 2803 1431 2836; x_wconf 85' lang='lat' dir='ltr'><strong>Lucere</strong></span> <span class='ocrx_word' id='word_1_378' title='bbox 1446 2802 1683 2845; x_wconf 83' lang='lat' dir='ltr'><strong>Ardeaerege,</strong></span> 
     </span>
    </p>
   </div>
  </div>
 </body>
</html>
