1773 3121
195 223 309 265 1838
683 233 725 262 P.
759 233 918 262 ovinn
956 231 1168 263 NAsoms

197 330 296 371 Nec
316 328 495 369 defensa
508 326 666 380 juvant
685 326 918 381 Capitolia,
942 341 1032 381 quo
1054 328 1201 368 minus
1225 340 1353 368 anser

255 397 343 438 Det
358 395 487 449 jecur
506 395 551 435 in
571 394 734 444 lances,
758 394 911 436 Inachi
934 396 1068 445 lauta,
1088 400 1200 435 tuas.

198 465 346 506 Nocte
370 463 480 504 Deae
503 462 640 503 Nocti
661 463 867 504 cristatus
887 462 1072 504 caeditur
1094 463 1200 512 ales,

257 530 393 581 Quod
414 530 612 583 tepidum
633 530 754 582 vigili
772 537 986 583 provocat
1007 543 1078 570 ore
1106 530 1233 570 diem.

200 599 386 639 Interea
400 597 593 651 Delphin
614 598 779 638 clarum
802 610 932 651 super
954 610 1131 651 aequora
1151 597 1277 638 sidus

258 665 461 716 Tollitur,
481 670 523 706 et
538 665 694 717 patriis
717 665 860 706 exerit
880 678 956 705 ora
976 665 1118 706 vadis.

202 733 436 774 POSTERA
459 733 536 773 lux
556 732 755 786 hyemem
777 732 921 772 medio
944 732 1194 773 discrimine
1214 732 1385 784 signat:

258 801 492 853 AEquaque
513 800 765 852 praeteritae,
789 810 888 851 quae
909 799 1152 851 superabit,
1175 799 1268 838 erit.

1554 461 1659 519 ,455

1572 797 1660 838 460

200 918 254 939 suo
269 909 382 939 marito
397 908 570 938 absumitur
592 907 658 937 aris
681 907 825 937 incensis.
873 908 981 947 Neque
1000 907 1156 947 Capitolia
1178 911 1316 947 protecta
1331 912 1473 948 prosunt,
1488 918 1545 949 quo
1562 908 1663 940 minus

201 960 292 981 unser
304 950 442 989 praebeat
461 950 553 988 jecur
569 950 602 979 in
616 949 740 988 patinas
762 952 846 986 turm,
872 949 978 979 Inachi
995 950 1094 980 lauta.
1138 949 1214 980 Ales
1228 950 1377 981 cristatus
1396 951 1562 989 jugulatur
1575 954 1663 982 nocte

202 993 280 1023 Dece
295 992 403 1031 Nocti,
418 993 490 1033 quia
505 992 566 1022 ciet
582 992 713 1022 calidum
727 991 807 1022 diem
823 1001 875 1022 ore
896 995 1088 1031 experrecto.
1136 992 1261 1023 Interea
1277 993 1415 1031 Delphin
1429 993 1515 1024 sidus
1529 993 1663 1024 lucidum

203 1035 324 1066 tollitur
339 1045 430 1074 super
454 1036 554 1065 maria
568 1045 579 1071 ;
602 1037 633 1065 et
649 1034 789 1064 extrahit
804 1044 837 1064 os
849 1044 888 1064 ex
901 1034 1085 1074 gurgitibus
1106 1035 1232 1074 patriis.
1325 1035 1404 1066 Dies
1418 1045 1542 1075 sequens
1556 1035 1664 1074 signat

206 1078 344 1118 hyemem
356 1078 534 1109 discrimine
548 1078 657 1116 medio,
672 1080 702 1107 et
717 1087 785 1117 (μα’
797 1078 951 1117 supererit
961 1077 1022 1108 erit
1037 1077 1164 1117 (equalis
1178 1080 1342 1110 anteaetoe.

1429 1078 1555 1110 Aurora
1566 1087 1664 1118 prox-

206 1215 324 1256 scripti
351 1214 462 1246 blanda
490 1224 550 1254 pro
575 1211 654 1245 alba.
699 1213 860 1254 Denique
885 1212 1005 1244 Heins.
1031 1213 1119 1254 conj.
1148 1214 1269 1253 Idaliis,
1295 1219 1354 1246 aut
1379 1216 1413 1246 in
1440 1214 1610 1251 Caenidiis;
1632 1217 1668 1246 et

206 1258 367 1288 Francius
390 1257 617 1287 invitis—454
642 1255 710 1286 Alii
735 1256 762 1286 I.
789 1265 893 1293 vacca,
917 1259 1006 1286 tuas:
1030 1256 1143 1286 Ursin.
1169 1256 1282 1292 ῥεια-ιη
1305 1258 1389 1288 alius
1413 1258 1560 1289 Baccha:
1583 1266 1669 1288 unus

206 1300 243 1332 F.
257 1304 291 1330 et
306 1299 389 1331 Cod.
402 1299 489 1330 Laeti
506 1299 603 1329 Diva.
619 1299 679 1329 Be.
692 1298 804 1328 Inache
816 1301 944 1333 suncte‚·
960 1298 1123 1336 Excerpt.
1140 1299 1331 1330 Kloekhov.
1349 1304 1384 1330 et
1397 1299 1531 1340 plurimi
1547 1298 1668 1339 scripti

206 1342 320 1373 Inache
331 1343 432 1372 laute:
457 1341 579 1372 Heius.
594 1341 706 1381 placet
718 1340 827 1371 Inachi
843 1342 1044 1371 lanta-455
1060 1340 1126 1371 Alii
1141 1341 1183 1372 D.
1199 1342 1312 1372 Noctis
1319 1342 1407 1373 crist.
1417 1342 1508 1373 Dein
1520 1344 1666 1381 provocat

207 1394 247 1415 ex
262 1384 458 1416 melioribus
473 1383 593 1414 Heius.
611 1383 742 1422 recepit
755 1392 815 1423 pro
828 1383 917 1422 vulg.
931 1385 1193 1421 provocet.—457
1210 1384 1350 1424 AEquora
1365 1384 1487 1426 scripti
1503 1387 1668 1425 praestan·

867 1476 1006 1508 NOTAE

252 1554 384 1594 Indicis]
412 1554 492 1585 Avis
509 1564 584 1596 quae
599 1555 750 1586 Deorum
763 1556 912 1584 mentem

212 1605 333 1645 aperit.

251 1657 315 1685 452
354 1654 461 1695 focis]
493 1654 534 1685 In
563 1653 708 1685 Veneris
740 1653 807 1685 aris
839 1657 914 1684 tota

212 1705 432 1736 adurebatur.

253 1757 315 1786 453
340 1753 491 1793 Defensa]
522 1755 655 1785 Primos
680 1764 816 1785 anseres
832 1753 914 1785 Gal-

211 1806 318 1836 lorum
345 1805 378 1835 in
407 1805 612 1845 Capitolium
639 1815 812 1836 ascensum
840 1814 914 1846 per-

213 1855 369 1894 sensisse,
385 1859 419 1886 et
429 1855 585 1895 clangore
600 1855 718 1895 vigiles
731 1855 915 1894 excitasse,

214 1905 326 1936 notius
342 1909 395 1936 est
411 1915 510 1946 quam
533 1909 570 1935 ut
587 1905 718 1945 prolixe
735 1905 788 1935 hic
813 1905 915 1936 incul-

216 1958 324 1985 cetur.

255 2006 318 2034 454
355 2003 478 2043 Inachi]
517 2004 590 2034 Rex
619 2002 685 2034 fuit
710 2002 914 2043 Argivorum

215 2053 373 2091 Inachus,
384 2063 481 2094 quem
494 2053 526 2083 in
538 2052 674 2084 fluvium
688 2053 760 2093 ejus
774 2053 915 2084 nominis

216 2106 382 2133 mutatum
405 2102 506 2133 fnisse
524 2104 652 2134 volunt.
696 2103 809 2144 Hujus
835 2112 915 2134 vero

216 2152 285 2184 filia
298 2151 496 2191 fuit10,sen
514 2153 589 2189 Isis,
606 2154 704 2194 cujus
722 2153 915 2185 sacerdotes

217 2203 379 2234 anserinis
406 2213 445 2233 ac
477 2202 609 2233 bubulis
639 2204 794 2235 carnibus
827 2205 917 2236 vesci

218 2253 308 2294 apud
321 2253 498 2293 AEgyptios
516 2253 621 2283 tradit
635 2254 842 2285 Herodotus.

260 2302 380 2341 Lauta]
412 2303 551 2332 Lautam
575 2302 660 2333 dicit
683 2312 725 2333 ex
750 2303 918 2334 Romano-

218 2363 291 2384 rum
307 2353 477 2392 opinione,
492 2354 548 2393 qui
564 2363 716 2392 anseres,
731 2355 918 2393 praesertim

219 2413 300 2435 vero
322 2413 437 2434 eorum
461 2403 593 2443 jecora,
619 2403 709 2434 inter
733 2404 919 2435 lautissima

219 2453 347 2485 cibaria
363 2454 545 2484 habebant.

260 2506 322 2535 455
337 2503 446 2543 Nocti]
464 2504 548 2535 Quae
560 2503 696 2544 quidem
710 2504 827 2535 Poetis
840 2505 917 2537 Dea

221 2559 285 2586 est.

266 2605 437 2644 Cristatus]
481 2605 613 2643 Gallus,
639 2604 695 2645 qui
727 2610 828 2636 cantu
859 2616 918 2637 suo

221 2655 332 2686 noctis
348 2655 516 2686 silentium
529 2655 655 2694 turbat,
670 2660 705 2685 et
721 2655 815 2695 quasi
831 2656 918 2687 diem

223 2710 401 2746 provocat.

264 2758 326 2787 457
352 2755 490 2796 Interea]
533 2754 644 2797 Atque
666 2754 752 2787 adeo
775 2753 920 2796 Agonali

968 1552 1058 1591 luce,
1088 1562 1147 1584 seu
1184 1553 1304 1594 quinto
1334 1552 1434 1585 Idus:
1478 1563 1671 1596 quanquam

969 1603 1094 1634 Caesari
1121 1604 1211 1644 apud
1237 1604 1387 1635 Plinium
1417 1604 1526 1645 pridie
1554 1605 1672 1636 Nonas

968 1654 1120 1684 exoritur
1135 1654 1298 1694 Delphin.
1343 1653 1410 1686 Sed
1426 1654 1475 1686 ita
1490 1654 1671 1696 intelligas,

968 1704 1093 1736 Caesari
1108 1705 1309 1736 matutinum
1324 1704 1433 1746 pridie
1450 1705 1579 1744 Nonas,
1593 1705 1671 1737 huic

969 1755 1087 1796 quinto
1105 1755 1186 1787 Idus
1207 1766 1282 1787 eum
1304 1755 1432 1787 occidit
1447 1755 1516 1796 Sol,
1531 1765 1607 1786 eum
1628 1755 1671 1787 ab

970 1805 1105 1836 oriente
1122 1815 1273 1846 surgere.

1011 1858 1075 1887 458
1108 1855 1249 1896 Patriis]
1289 1854 1493 1895 Delphinus,
1527 1852 1673 1893 scilieet,

970 1904 1074 1944 piscis
1103 1905 1251 1944 patriam
1280 1904 1397 1935 habuit
1424 1913 1527 1934 mare.
1572 1902 1672 1934 Illam

969 1959 1082 1985 autem
1106 1954 1210 1986 fuisse
1234 1955 1354 1985 dicunt
1380 1953 1530 1984 nonnulli
1547 1953 1603 1994 qui
1627 1962 1671 1984 ex

969 2005 1084 2035 Siculo
1106 2004 1191 2035 mari
1215 2003 1379 2035 Arionem
1397 2003 1618 2034 citharoedum
1636 2002 1672 2034 ln

970 2054 1153 2085 'raenarum
1173 2054 1372 2085 transvexit.
1417 2053 1485 2084 Alii
1504 2062 1523 2083 a
1539 2053 1675 2093 Neptu-

970 2114 1013 2135 no
1029 2104 1120 2136 inter
1151 2104 1263 2135 sidera
1289 2104 1492 2135 collocatum
1519 2111 1595 2134 eum
1619 2112 1675 2134 vo-

971 2154 1056 2192 lunt,
1079 2154 1135 2195 qui
1167 2153 1408 2194 Amphitritem
1433 2152 1571 2193 nuptias
1595 2162 1673 2184 cum

972 2205 1045 2245 ipso
1062 2205 1310 2236 detrectantem
1323 2202 1494 2241 allexerit,
1508 2207 1544 2234 et
1555 2203 1673 2235 mitem

974 2254 1016 2284 ad
1034 2255 1231 2295 Neptunum
1249 2253 1462 2294 produxerit.

1014 2308 1078 2336 459
1103 2304 1248 2344 Postera]
1279 2305 1408 2337 Quarto
1432 2303 1514 2335 Idus
1533 2303 1674 2336 Januar.

973 2354 1104 2386 decimo
1136 2355 1289 2396 adeoque
1324 2354 1423 2395 liujus
1461 2354 1586 2385 mensis
1619 2353 1675 2385 die

973 2405 1080 2444 Naso,
1111 2404 1220 2444 pridie
1256 2404 1370 2435 Nonas
1407 2403 1607 2444 Columella,
1639 2407 1676 2435 et

970 2455 1094 2485 tabulae
1125 2454 1317 2490 Ptolemaei,
1349 2454 1414 2484 hoc
1441 2459 1494 2485 est
1518 2454 1673 2486 „ianuarii

972 2508 1105 2545 quarto,
1151 2503 1296 2534 mediam
1336 2503 1491 2543 hyemem
1528 2502 1673 2536 faciunt.

973 2554 1151 2588 Quomodo
1185 2554 1458 2594 computaverint
1496 2563 1560 2584 non
1593 2554 1676 2585 satis

974 2614 1147 2646 assequor,
1163 2604 1226 2634 nisi
1237 2603 1326 2645 quod
1342 2613 1384 2635 ex
1398 2604 1512 2635 bruma
1529 2604 1603 2644 ipsa
1614 2614 1675 2636 seu

974 2656 1129 2688 Solstitio
1152 2655 1295 2696 hyemali
1320 2655 1437 2696 hyems
1462 2654 1572 2686 media
1595 2653 1675 2686 mihi

976 2706 1149 2738 videretur
1187 2705 1312 2736 debere
1350 2703 1540 2745 dijudicari.
1604 2703 1673 2736 Sed

976 2755 1266 2799 AEquinoctiorum
1299 2764 1470 2797 nunquam
1503 2753 1574 2787 fere
1607 2763 1674 2787 nou
