1773 3121
255 234 369 278 1724
740 247 782 277 P.
815 246 973 276 ovmn
1007 245 1220 277 NAsoms

257 340 377 394 Ignis
397 340 512 380 enim
531 340 721 381 densum
741 343 959 394 spissatus
973 343 1018 381 in
1035 341 1139 382 a'era
1154 342 1332 393 transit3
1616 342 1703 385 250

257 407 349 449 Hic
369 408 414 448 in
436 421 575 460 aquas
593 422 602 448 z
634 409 761 448 tellus
782 409 1017 460 glomerata
1037 409 1208 460 cogitur
1228 409 1358 449 unda.

256 474 354 516 Nec
376 475 551 527 species
571 487 652 514 sua
671 475 827 528 cuique
848 481 1018 516 manet:
1050 488 1281 528 rerumque
1302 475 1505 516 novatrix

254 541 327 582 Ex
348 541 448 582 aliis
469 542 581 582 alias
600 547 770 595 reparat
794 543 961 583 Natura
977 543 1151 594 figuras.

255 606 353 648 Nec
374 610 485 661 perit
505 610 551 650 in
570 614 689 650 tanto
711 611 948 662 quicquam
977 608 1104 661 (mihi
1125 605 1308 660 credite)
1325 608 1508 649 mundo:

253 672 344 714 Sed
364 675 518 724 variat,
540 676 787 729 faciemque
809 681 966 716 novat:
998 675 1207 727 nascique
1228 680 1428 723 vocatur,
1621 673 1706 716 255

252 739 454 794 Incipere
473 754 570 781 esse
591 742 725 791 aliud,
748 756 880 795 quam
902 741 1018 794 quod
1039 741 1122 781 fuit
1143 744 1242 781 ante
1259 754 1269 791 3
1301 741 1517 794 morique,

252 806 466 848 Desinere
487 809 594 848 illud
617 809 756 850 idem:
791 823 889 849 cum
912 810 999 849 sint
1018 809 1100 849 huc
1122 808 1302 848 forsitan
1323 808 1418 857 illa,

251 873 369 915 Haec
389 875 600 915 translata
620 875 724 915 illuc
742 890 752 926 ;
785 889 954 916 summa
975 881 1119 916 tamen
1141 875 1289 915 omnia
1306 877 1520 915 constant.

250 938 329 979 Nil
349 940 551 992 equidem
571 940 724 980 durare
746 941 822 980 diu
845 942 929 980 sub
952 942 1143 992 imagine
1166 941 1319 980 eadem

250 1004 537 1046 Crediderim.
599 1007 675 1046 Sic
694 1006 749 1046 ad
770 1007 927 1047 ferrum
944 1007 1128 1046 venistis
1151 1007 1206 1046 ab
1229 1019 1354 1056 auro,
1621 1005 1706 1046 260

250 1071 455 1112 Saecula:
488 1074 552 1113 sic
575 1074 708 1113 toties
730 1086 856 1113 versa
875 1086 937 1122 es,
958 1072 1153 1113 Fortuna
1172 1073 1386 1114 locorum.

251 1137 357 1178 Vidi
378 1152 472 1190 ego,
495 1139 613 1191 quod
634 1139 776 1179 fuerat
797 1140 1016 1191 quondam
1040 1138 1310 1180 solidissima
1331 1140 1478 1191 tellus,

251 1203 362 1244 Esse
382 1204 561 1244 fretum:
592 1204 684 1245 vidi
706 1205 846 1244 factas
868 1217 926 1244 ex
947 1217 1128 1256 aequore
1148 1209 1282 1245 terras
1300 1219 1309 1246 :

250 1269 307 1310 Et
322 1271 474 1323 procul
495 1284 519 1310 a
540 1271 696 1323 pelago
716 1271 892 1310 conchae
906 1269 1087 1323 jacuere
1106 1271 1286 1311 marinae
1304 1285 1313 1312 ε

251 1336 308 1376 Et
325 1341 451 1377 vetus
470 1337 645 1378 inventa
667 1340 734 1377 est
755 1337 800 1375 in
821 1337 1046 1376 montibus
1068 1337 1255 1377 anchora
1275 1339 1474 1378 summis.
1619 1339 1707 1379 265

252 1401 471 1456 Quodque
490 1404 572 1444 suit
593 1416 793 1456 campus,
816 1403 976 1444 vallem
998 1403 1213 1444 decursus
1231 1416 1444 1456 aquarum

250 1544 393 1575 feruntur
405 1556 415 1580 ,·
437 1549 526 1585 atque
540 1547 622 1578 idem
637 1549 710 1578 ordo
731 1548 897 1579 retexitur.
945 1547 1087 1586 Namque
1102 1546 1185 1584 ignis
1201 1549 1360 1576 concretus
1374 1546 1513 1576 concedit
1527 1544 1561 1575 in
1575 1544 1706 1585 spissum

249 1586 373 1623 a'e'rem;
395 1588 445 1617 Ιιίε
461 1589 493 1617 in
509 1599 622 1628 aquas;
645 1594 730 1620 terra
755 1590 924 1621 concrescit
950 1600 989 1620 ex
1005 1599 1082 1629 aqna
1097 1591 1213 1618 coacta.
1261 1589 1368 1627 Neque
1384 1588 1493 1625 forma
1516 1597 1571 1617 sua
1582 1589 1706 1627 perstat

248 1628 354 1668 cuique
367 1639 378 1665 ;
400 1632 431 1659 et
446 1633 559 1660 natura
573 1632 720 1661 novatrix
734 1633 870 1662 restituit
878 1632 1002 1669 formas
1022 1641 1123 1660 rerum
1137 1631 1215 1660 alias
1238 1640 1277 1660 ex
1291 1630 1377 1660 aliis.
1424 1630 1531 1669 Neque
1545 1629 1707 1669 quicquam

249 1672 400 1701 evanescit
414 1671 447 1701 in
460 1675 548 1702 tanto
563 1673 644 1710 orbe,
670 1674 747 1703 milei
760 1674 861 1714 fidem
874 1673 982 1703 habete
994 1683 1005 1709 ;
1027 1674 1078 1702 sed
1094 1672 1212 1702 diverse
1228 1674 1379 1712 mutatur,
1402 1674 1432 1702 et
1447 1675 1539 1702 novat
1553 1672 1683 1712 speciem
1693 1682 1704 1702 :

249 1716 279 1743 et
294 1713 427 1752 incipere
443 1724 506 1744 esse
521 1715 606 1744 aliud
620 1725 710 1754 quam
724 1717 803 1754 quod
822 1715 891 1752 fuit
913 1715 1003 1755 prius
1029 1715 1144 1745 dicitur
1168 1714 1266 1753 nasci,
1290 1717 1380 1754 atque
1406 1723 1524 1744 cessare
1548 1724 1610 1744 esse
1626 1714 1704 1744 illud

248 1755 339 1792 idem,
367 1755 508 1786 interire.
555 1756 738 1796 Quanquam
754 1757 843 1794 forte
867 1758 921 1787 illa
935 1758 997 1787 sint
1024 1757 1176 1787 translata
1193 1756 1265 1794 huc,
1291 1759 1382 1795 atque
1403 1757 1467 1787 haec
1490 1756 1574 1794 illuc,
1600 1755 1704 1786 omnia

248 1800 350 1827 tamen
366 1800 430 1827 toto
444 1801 593 1829 constant.
637 1799 822 1830 Arbitratus
834 1800 972 1838 equidem
976 1799 1070 1836 suero
1085 1798 1165 1828 nihil
1177 1801 1317 1837 perstare
1332 1798 1386 1829 diu
1399 1798 1454 1829 sub
1469 1799 1573 1828 eadem
1581 1798 1701 1837 forma.

248 1838 302 1869 Sic
324 1839 362 1869 ab
375 1849 449 1870 auro
465 1841 594 1871 venistis
613 1842 653 1871 ad
660 1840 798 1880 ferrum,
815 1843 944 1871 saecula:
967 1842 1011 1871 sic
1033 1841 1124 1870 toties
1140 1843 1260 1870 mutata
1284 1850 1328 1879 es,
1352 1850 1420 1871 sors
1440 1841 1584 1871 locorum.
1631 1840 1703 1878 Ego

249 1881 313 1911 vidi
327 1891 389 1912 esse
403 1892 486 1913 mare
500 1884 578 1922 quod
584 1882 695 1920 fuerat
707 1883 780 1912 olim
795 1886 879 1912 terra
883 1882 1081 1923 firmissima.
1131 1881 1160 1912 V
1160 1881 1206 1911 z'di
1217 1884 1318 1912 terras
1329 1885 1420 1913 natas
1433 1892 1474 1913 ex
1488 1882 1568 1912 mari
1579 1893 1590 1913 .·
1611 1885 1703 1921 atque

247 1923 367 1953 conchae
382 1925 513 1954 marina>
525 1933 641 1963 sparsae
654 1927 728 1954 sunt
739 1924 828 1962 longe
842 1934 860 1954 a
875 1925 956 1954 mari
965 1934 976 1959 ;
998 1927 1029 1954 et
1040 1923 1166 1961 antiqua
1177 1923 1310 1953 anchora
1320 1928 1443 1962 reperta
1454 1927 1500 1954 est
1510 1924 1544 1954 in
1553 1923 1704 1963 supremis

249 1964 413 1995 montibus.
459 1966 490 1996 F
490 1965 582 1995 luxus
595 1975 743 2005 aquarum
758 1965 841 2002 fecit
863 1967 972 1996 vallem
988 1967 1068 2005 quod
1083 1964 1153 2002 fuit
1164 1964 1314 2004 planities
1325 1975 1337 2001 ;
1359 1968 1391 1995 et
1404 1975 1490 1996 mons
1504 1968 1551 1996 est
1565 1968 1702 1996 mutatus

860 2061 1095 2074 eeeeeeeeeeee

250 2131 319 2162 Pro
343 2129 468 2158 densum
497 2136 582 2157 unus
610 2127 704 2158 Med.
727 2138 884 2167 pressum:
921 2129 1007 2159 Mor.
1037 2137 1122 2158 unus
1151 2128 1283 2167 spissum
1307 2129 1474 2159 densatus.-
1508 2128 1700 2159 Genevens.

248 2173 373 2203 densum
387 2170 640 2209 spiratus.—25l
668 2171 831 2201 Nonnulli
845 2170 932 2201 Hinc
947 2180 1008 2210 pro
1026 2170 1211 2201 flia—252
1228 2170 1324 2201 Unus
1343 2171 1437 2201 Leia.
1461 2170 1637 2208 Necfacies
1651 2180 1700 2203 su.

248 2215 353 2244 -253
380 2212 481 2242 Liber
508 2210 638 2242 eiofan.
675 2212 753 2242 alias
779 2214 880 2243 reddit
910 2214 953 2243 N.
983 2218 1019 2242 et
1049 2213 1096 2242 ita
1122 2222 1266 2250 novem3
1299 2222 1382 2242 unus
1407 2212 1501 2243 Med.
1527 2213 1700 2252 repetit.—

248 2258 311 2287 254
335 2254 478 2285 Plurimi
494 2254 611 2293 scripti
626 2255 659 2284 in
673 2257 737 2285 toto
753 2255 959 2295 quicq—25⁷
984 2255 1104 2285 Heins.
1122 2254 1272 2285 malebat
1287 2264 1412 2294 cumque
1427 2255 1485 2285 huc
1501 2253 1699 2292 emesam.—

248 2300 311 2329 258
334 2296 401 2327 Pro
415 2305 533 2327 summa
546 2296 697 2336 Scaliger
712 2298 846 2328 volebat
862 2307 998 2335 summae,
1024 2297 1077 2327 vel
1100 2306 1225 2328 summo.
1250 2296 1410 2328 Heidelb.
1437 2306 1516 2328 omn.
1540 2298 1700 2328 constent.-

248 2339 342 2371 Med.
368 2348 450 2369 unus
471 2341 729 2378 perstant.—-261
756 2340 802 2370 Es
820 2349 862 2370 ex
880 2339 984 2371 Codd.
1001 2340 1159 2378 Vivian.;
1182 2339 1270 2379 vulg.
1286 2341 1453 2370 esa—266
1478 2339 1622 2370 Tumulus
1636 2347 1698 2379 pro

906 2452 1043 2484 NOTAE

288 2538 351 2567 252
374 2533 511 2575 Species]
535 2535 604 2564 Per
620 2533 758 2574 figuras,
773 2546 848 2576 quae
865 2546 944 2567 mox
999 2535 1188 2567 Historicos
1201 2534 1301 2566 immo
1317 2538 1353 2565 et
1377 2535 1457 2565 alias
1478 2538 1588 2565 terras
1604 2535 1698 2568 inve-

247 2589 444 2626 sequuntur,
461 2593 541 2624 quas
558 2593 659 2623 supra
681 2590 841 2624 vagantes
857 2586 944 2617 dixit
997 2586 1083 2624 nias,
1110 2594 1184 2625 quae
1212 2594 1272 2614 suo
1298 2588 1449 2624 tempore
1475 2589 1697 2616 emerserunt.

248 2633 420 2674 imagines,
434 2643 475 2664 ea
487 2633 619 2673 species
636 2633 849 2673 intelligitur.
998 2635 1087 2667 Quin
1114 2639 1148 2664 et
1174 2632 1313 2664 conchae
1329 2633 1364 2663 in
1384 2632 1554 2663 altissimis
1574 2633 1696 2664 monti-

289 2686 352 2715 260
378 2682 522 2721 Ferrum]
545 2681 599 2712 Ad
619 2680 765 2714 ferream
792 2688 943 2724 aetatem,
997 2684 1057 2715 bus
1073 2683 1307 2723 reperiuntur3
1332 2682 1420 2712 uude
1443 2682 1491 2713 ibi
1512 2682 1614 2714 etiam
1636 2683 1697 2715 ali-

248 2733 290 2764 de
306 2742 372 2773 qua
389 2731 474 2762 libro
488 2731 609 2771 primo.
997 2733 1129 2775 quaudo
1145 2741 1238 2764 mare
1254 2731 1358 2764 fuisse
1375 2731 1556 2774 colligitur.

289 2785 351 2814 263
377 2780 506 2823 Facias]
528 2781 693 2815 plurimas
709 2781 835 2815 insulas
851 2783 943 2825 apud
