1773 3121
201 208 315 251 1784
693 221 733 250 P.
765 219 922 250 ovmn
956 218 1170 250 NAsouis

201 312 393 354 Invitum
415 314 590 368 praefert
608 328 618 365 ;
651 326 826 367 unaque
847 315 892 354 in
914 317 1037 366 parte
1059 315 1284 366 repugnat.

201 378 278 421 Sic
297 381 441 433 magni
464 381 578 421 cedit
599 381 737 421 titulis
760 379 1098 433 Agamemnonis
1121 379 1284 420 Atreus
1303 392 1313 420 ε

202 446 342 500 AEgea
362 449 425 489 sic
445 448 661 498 Theseus,
682 449 747 490 sio
770 448 906 489 Pelea
927 448 1066 489 vineit
1086 447 1298 488 Achilles.

205 512 421 567 Denique,
442 520 491 555 ut
512 516 725 569 exemplis
747 517 867 569 ipsos
888 515 1164 567 aequantibus
1185 521 1294 562 utar,

203 578 279 620 Sic
299 584 341 621 et
363 582 577 624 Saturnus
598 584 735 624 minor
753 587 817 624 est
834 583 965 624 Jove.
1026 582 1200 634 Jupiter
1226 593 1349 621 arces

202 646 437 701 Temperat
458 651 682 701 aethereas,
705 656 745 691 et
765 651 915 691 mundi
935 664 1070 703 regna
1091 649 1320 690 triformis:

201 714 339 757 Terra
359 719 441 758 sub
461 717 685 771 Augusto:
715 723 838 773 pater
861 723 928 759 est
946 723 989 759 et
1010 722 1147 759 rector
1169 721 1363 770 uterque.

203 782 279 832 Di,
302 798 470 837 precor,
491 786 647 827 AEn-eae
669 787 861 835 comites,
884 787 1046 839 quibus
1068 785 1184 825 ensis
1205 788 1246 824 et
1265 783 1376 835 ignis

204 849 454 902 Cesserunt,
477 853 624 905 Dique
646 851 880 904 Indigetes,
904 852 1175 903 genitorque,
1201 849 1399 899 Quirine,
1458 892 1461 897 ,

1572 376 1655 418 855

1574 712 1658 752 860

201 978 349 1019 mellisque
373 981 526 1011 mandatis
551 980 686 1019 subdita,
711 980 866 1020 proepom't
892 981 1064 1016 nolentem‚·
1097 983 1186 1020 atque
1212 979 1365 1010 obnititur
1387 988 1448 1009 una
1471 978 1504 1009 in
1518 987 1563 1008 re.
1608 978 1660 1009 Ita

202 1022 320 1051 Atreus
334 1022 415 1052 cedit
431 1023 573 1053 laudibus
588 1023 664 1053 clari
680 1023 935 1061 Agamemnonis:
958 1023 1005 1054 ita
1019 1023 1149 1053 Theseus
1163 1025 1288 1062 superat
1304 1022 1448 1061 AEgeum,
1465 1020 1510 1051 ica
1525 1019 1661 1052 Achilles

202 1064 337 1095 Peleum.
382 1065 525 1105 Denique
539 1069 575 1096 ut
589 1076 705 1096 sumam
721 1065 860 1105 exempla
884 1066 977 1105 paria
1000 1066 1089 1105 ipsis,
1112 1066 1157 1095 sic
1171 1074 1284 1105 quoque
1300 1063 1455 1094 Saturnus
1469 1062 1600 1102 inferior
1614 1067 1661 1094 est

202 1106 286 1136 ,loz-i.
330 1107 457 1146 Jupiter
480 1109 657 1138 moderatur
687 1109 772 1138 sedes
794 1108 956 1147 ‹ether-eas,
982 1112 1011 1138 et
1034 1117 1131 1147 regna
1158 1107 1262 1138 mundi
1288 1106 1461 1144 triformis:
1494 1106 1583 1136 tellus
1604 1105 1660 1136 sub

204 1151 354 1186 Angusto.
403 1150 538 1189 Uterque
552 1153 597 1180 est
612 1151 731 1180 Par-ens
745 1152 773 1180 et
790 1150 983 1181 Mmlerator.
1029 1150 1100 1187 Dii,
1116 1160 1179 1185 oro,
1196 1151 1306 1180 AEneae
1320 1149 1456 1187 comites,
1476 1147 1661 1188 quibusser-

203 1199 269 1220 rum
288 1194 316 1221 et
323 1191 454 1230 flamma
470 1195 634 1233 cesserunt,
661 1193 778 1232 Diique
794 1193 964 1232 Indigetes,
990 1195 1019 1223 et
1036 1193 1134 1222 Pater
1154 1192 1260 1231 Urbis,
1289 1191 1434 1230 Quirine,
1460 1195 1490 1222 et
1511 1191 1660 1230 Gradive,

814 1286 1048 1299 eeeeeeeeeeee

202 1349 307 1378 ——854
333 1348 489 1381 Quatuor
504 1348 582 1379 libri
609 1349 666 1380 hac
694 1359 756 1389 pro
771 1349 824 1380 in.-
850 1359 933 1379 nnus
955 1350 1052 1380 Voss.
1080 1353 1109 1380 et
1135 1350 1167 1380 in
1193 1359 1253 1380 una
1276 1351 1466 1389 part.—-S55
1492 1348 1660 1388 Bernegg.

203 1389 328 1420 Thuan.
346 1400 396 1430 pr.
418 1391 456 1421 R.
474 1396 619 1431 uterque
633 1391 762 1423 Erfurt.
781 1402 829 1432 pr.
844 1392 933 1422 Mor.
947 1401 1021 1422 cum
1040 1401 1091 1432 pr.
1107 1393 1149 1423 V.
1163 1390 1206 1422 Ο.
1221 1401 1270 1431 pr.
1288 1392 1393 1423 Gron.
1409 1396 1444 1421 et
1456 1391 1570 1422 multis
1587 1392 1661 1422 aliis

204 1432 259 1461 Sic
274 1441 402 1471 magnus
425 1434 491 1464 ced.
519 1433 641 1464 Heins.
665 1435 777 1473 placet
792 1434 882 1474 vulg.
906 1434 1049 1472 magnis:
1072 1437 1107 1465 at
1122 1434 1197 1464 Pal.
1216 1443 1266 1473 pr.
1307 1433 1361 1463 Sic
1377 1433 1482 1472 magni
1498 1433 1661 1464 cecidit.—

203 1476 265 1504 560
289 1473 355 1505 Sub
369 1475 511 1514 Augusto
526 1479 570 1507 est
588 1477 741 1517 plerique
759 1480 903 1508 veteres.
950 1477 1054 1517 Lege,
1070 1486 1120 1513 es;
1144 1480 1181 1507 ut
1198 1477 1326 1507 vitetur
1341 1476 1397 1506 τοῦ
1413 1479 1457 1506 est
1477 1484 1660 1506 concursus

861 1582 1000 1614 NOTAE

243 1658 304 1686 854
333 1656 418 1696 Una]
441 1656 483 1687 In
500 1657 624 1689 ceteris
641 1656 830 1698 morigeros
845 1657 903 1689 ha-

202 1705 261 1737 bet
289 1715 403 1738 omnes
425 1705 616 1748 Augustu33
650 1708 712 1740 hac
742 1709 776 1739 in
804 1712 904 1749 parte

203 1760 331 1787 tantum
363 1763 570 1798 repugnant,
601 1758 692 1800 quod
729 1768 806 1790 cum
844 1768 905 1790 sua

201 1805 295 1836 facta
312 1807 417 1847 patris
435 1808 519 1838 actis
532 1807 688 1848 praeferri
702 1808 801 1848 nolit,
816 1807 906 1839 fama

204 1860 316 1886 tamen
334 1865 376 1886 ea
389 1857 497 1897 magis
512 1858 691 1898 approbat.

243 1908 305 1935 855
339 1905 470 1945 Atreus]
501 1905 764 1946 Agamemnonis
793 1910 904 1946 pater,

205 1954 297 1994 eujus
316 1957 413 1984 tanta
428 1956 500 1985 laus
526 1965 590 1986 non
609 1955 677 1986 fuit
692 1960 818 1997 quanta
844 1956 903 1986 hu-

197 2004 255 2042 jus
285 2004 433 2035 omnium
463 2005 664 2037 Graecorum
697 2007 740 2038 ad
768 2006 903 2046 Trojam

203 2053 311 2085 ‹lucis-

246 2107 308 2135 856
327 2103 475 2145 Theseus]
500 2104 602 2146 Cujus
618 2106 712 2144 AEgei
728 2106 787 2138 filii
801 2106 904 2138 fortia

203 2154 296 2185 facta
311 2154 434 2194 passim
451 2155 485 2185 in
500 2155 731 2194 superioribus
749 2156 903 2188 vidimus,

245 2204 355 2244 Pelea]
370 2204 437 2236 Qui
453 2204 594 2236 Achillis
610 2211 708 2246 pater
726 2211 821 2238 tanta
837 2217 903 2239 non

205 2255 310 2295 gessit
340 2260 467 2296 quanta
497 2256 597 2296 hujus
628 2255 730 2288 fuisse
754 2258 905 2289 omuibus

204 2310 330 2336 notum.

248 2357 309 2386 857
326 2354 429 2395 Ipsos]
453 2355 582 2388 Julium
599 2355 770 2388 Caesarem
787 2362 822 2389 et
838 2357 906 2389 Au-

208 2409 353 2446 gustum.

249 2458 311 2487 859
325 2455 505 2496 Triformis]
520 2456 617 2495 Coeli,
629 2456 907 2497 AEthcris,Ae'ris‚

206 2509 244 2536 ut
259 2510 361 2536 terrae
377 2505 544 2546 marisque
560 2505 738 2546 imperium
752 2506 907 2547 Augusto

207 2556 427 2596 relinquatur.
443 2555 454 2573 ‘
466 2555 621 2587 Divisum
632 2555 819 2596 Imperium
830 2567 907 2588 cum

205 2606 294 2638 Jove
310 2605 423 2637 Caesar
437 2604 565 2637 habet!

250 2658 312 2687 860
346 2654 462 2694 Pater]
494 2653 594 2687 Quod
619 2664 741 2686 nomen
767 2665 904 2687 summae

207 2712 259 2738 est
275 2706 450 2748 dignitatis
465 2710 569 2748 atque
585 2706 821 2738 venerationis.
857 2706 906 2738 At

209 2757 314 2790 nostri
340 2757 490 2799 plerique
519 2756 717 2798 Christiani,
742 2756 798 2799 qui
825 2756 905 2789 nihil

957 1657 1085 1688 sentire
1101 1667 1209 1699 neque
1225 1666 1432 1698 cognoscere
1453 1656 1664 1698 didicerunt,

959 1707 1038 1748 quia
1052 1712 1145 1738 terra
1160 1707 1275 1738 obruti
1301 1711 1404 1748 atque
1430 1707 1503 1738 luto
1520 1705 1664 1746 addicti,

958 1767 1068 1799 neque
1084 1758 1187 1789 etiam
1205 1758 1387 1799 quicquam
1404 1762 1463 1789 aut
1481 1757 1594 1789 Patris
1610 1757 1663 1788 sui

959 1807 1094 1846 aeterni,
1105 1812 1165 1839 aut
1178 1818 1249 1838 suae
1262 1807 1450 1848 dignitatis,
1461 1812 1563 1848 atque
1576 1806 1662 1838 adeo

958 1855 1060 1887 officii
1078 1861 1113 1888 et
1126 1857 1328 1888 reverentioe
1343 1857 1577 1888 recordantur.
1602 1856 1664 1888 Ni-

959 1905 1005 1936 hil
1022 1906 1141 1945 pudet.

1001 1958 1062 1986 861
1088 1956 1196 1986 AEneae
1221 1956 1362 1996 comites]
1386 1955 1535 1987 Penates
1563 1955 1662 1995 dicit,

958 2008 1017 2035 aut
1031 2004 1124 2035 Deos
1141 2005 1358 2044 domesticos,
1377 2015 1460 2047 quos
1478 2006 1511 2036 in
1528 2006 1662 2037 Italiam

958 2063 1072 2085 secum
1090 2054 1212 2085 AEneas
1240 2055 1449 2095 deportavit.
1496 2056 1566 2087 Alii
1579 2056 1662 2089 alios

958 2114 1031 2136 esse
1044 2109 1268 2137 censuerunt:
1295 2110 1333 2137 ut
1349 2105 1476 2137 frustra
1492 2106 1525 2137 in
1541 2116 1577 2137 re
1594 2110 1662 2138 tam

959 2155 1060 2187 dubia
1086 2161 1222 2197 tamque
1252 2156 1364 2188 inutili
1393 2167 1533 2198 operam
1568 2167 1662 2189 suam

958 2206 1136 2247 quisquam
1152 2206 1354 2247 perdiderit.
1393 2208 1576 2248 Dionysius
1592 2208 1662 2240 Ha-

959 2257 1016 2288 lic.
1030 2266 1104 2288 sese
1117 2257 1192 2288 illos
1205 2257 1254 2288 ait
1265 2257 1390 2288 vidisse
1401 2258 1517 2289 Romae
1531 2258 1565 2289 in
1578 2263 1663 2289 tem-

959 2308 1028 2347 plo,
1043 2306 1187 2338 duorum
1206 2307 1371 2347 juvenum
1389 2307 1596 2338 hastatorum
1611 2317 1663 2339 se-

960 2357 1110 2389 dentium
1136 2357 1258 2388 forma.
1303 2356 1371 2388 Alii
1397 2357 1532 2397 Jovem,
1555 2358 1663 2390 Juno-

959 2417 1049 2447 neni,
1066 2417 1104 2438 ac
1120 2407 1313 2438 Minervam
1337 2406 1440 2438 fnisse
1467 2407 1581 2439 aiunt:
1605 2417 1662 2439 ne·
1696 2430 1701 2434 -

959 2467 1024 2497 que
1052 2456 1094 2488 de
1120 2457 1262 2487 Pallade
1285 2457 1460 2497 Vestaque
1486 2458 1663 2499 quisquam

961 2507 1119 2537 dubitare
1137 2507 1255 2547 possit,
1282 2506 1337 2537 cui
1361 2507 1472 2537 lectus
1488 2507 1662 2547 VIrgilius.

961 2555 1031 2586 Alii
1047 2555 1249 2596 Neptunum
1272 2560 1307 2586 et
1334 2554 1546 2596 Apollinem;
1570 2566 1662 2589 nam-

961 2614 1026 2644 que
1042 2614 1135 2635 suam
1158 2604 1262 2635 etiam
1285 2604 1422 2645 Trojam
1449 2605 1499 2635 illi
1522 2606 1663 2646 profite-

960 2654 1095 2686 bantur.
1142 2655 1210 2686 Alii
1228 2655 1322 2686 alios.
1368 2655 1458 2688 Quid
1475 2655 1508 2687 id
1526 2658 1661 2688 nostra?

1003 2704 1098 2735 Ensis
1121 2707 1149 2734 et
1175 2703 1275 2744 ignis]
1308 2704 1464 2736 Ducente
1492 2705 1572 2738 Deo
1595 2715 1661 2738 om-

959 2754 1015 2786 nia
1033 2754 1161 2795 pervia.
