1773 3121
252 232 364 275 1892
739 244 782 274 Ρ.
814 243 973 274 ovmn
1003 242 1214 276 NAsoNJs

256 340 331 380 Sic
351 337 493 391 epulis
515 336 666 386 suncti,
688 336 753 378 sic
775 337 878 379 dant
899 352 979 379 sua
999 352 1184 392 corpora
1205 352 1382 390 somno3

311 406 367 446 Et
388 405 545 458 positis
562 405 693 458 juxta
713 406 949 446 secubuere
968 407 1084 447 toris.

253 474 403 515 Causa
421 487 431 524 ;
459 472 666 525 repertori
684 472 787 512 vitis
806 474 878 525 pia
900 487 1025 514 sacra
1045 475 1270 527 parabant,

310 541 425 591 Quae
446 539 636 581 facerent
655 552 777 592 pure,
799 553 899 580 eum
920 541 1027 582 foret
1047 546 1138 581 orta
1159 542 1263 582 dies.

251 608 412 650 Noctis
434 612 524 647 erat
544 607 759 648 medium<
792 608 894 661 quid
915 621 998 648 non
1021 622 1141 649 amor
1160 609 1389 662 improbus
1411 608 1546 650 audet
1561 609 1581 649 ‘l

309 674 506 716 Roscida
526 688 604 728 per
626 676 824 716 tenebras
848 675 1026 716 Faunus
1046 676 1101 716 ad
1121 680 1244 716 antra
1263 677 1396 717 venit.

252 743 399 796 thue
420 741 539 783 videt
559 755 712 783 somno
734 743 918 783 comites
939 744 1125 796 vinoque
1151 744 1339 793 solutos,

306 810 438 863 Spem
460 810 579 861 capit
597 809 641 847 in
662 808 851 848 dominis
870 821 967 848 esse
989 811 1157 861 soporis
1175 810 1305 851 idem.

250 877 412 926 Intrat3
443 880 486 915 et
505 875 589 914 huc
609 874 710 914 illuc
730 874 982 913 temerarius
1000 878 1111 914 errat
1127 875 1294 916 adulter
1311 891 1321 917 z

307 943 364 983 Et
385 941 562 995 praefert
582 943 735 980 cautas
758 939 1117 992 subsequiturque
1138 953 1307 981 manus.

248 1010 442 1052 Venerat
460 1007 514 1047 ad
535 1007 656 1046 strati
679 1009 857 1058 captata
878 1005 1042 1045 cubilia
1061 1006 1190 1058 lecti;

306 1076 362 1117 Et
382 1076 523 1128 prima
540 1073 647 1114 felix
667 1077 779 1114 sorte
799 1072 966 1114 futurus
987 1076 1092 1113 erat.

249 1144 312 1185 Ut
333 1143 473 1194 tetigit
493 1141 601 1180 fulvi
624 1141 730 1180 setis
754 1141 922 1181 hirsuta
941 1141 1079 1181 leonis

305 1209 492 1257 Vellera,
515 1207 747 1260 pertimuit,
771 1208 1062 1260 sustinuitque
1082 1219 1280 1259 manum3

1610 543 1697 585 330

1609 875 1698 917 335

1611 1210 1698 1252 340

250 1331 298 1361 Eo
314 1330 399 1360 morlo
415 1331 618 1366 coenaturum,
641 1338 674 1358 eo
700 1329 786 1358 modo
809 1332 1041 1369 composuerunt
1067 1338 1121 1359 sua
1146 1338 1273 1368 corpora
1297 1329 1339 1358 ad
1352 1337 1499 1368 soporem,
1514 1332 1543 1359 et
1560 1338 1696 1360 seorsum

248 1373 415 1404 cubuerunt
433 1371 518 1401 lectis
522 1371 620 1408 justa
634 1371 752 1408 positis.
799 1371 894 1401 Ratio
910 1370 975 1401 fuit
990 1382 997 1401 ε
1017 1371 1170 1410 parabant
1182 1372 1235 1410 pia
1252 1380 1338 1400 sacra
1354 1371 1506 1401 inventori
1523 1371 1606 1409 vitis,
1627 1382 1698 1411 quoe

247 1415 434 1446 celebrarent
449 1416 541 1448 caste,
561 1415 720 1450 postquam
734 1412 799 1442 dies
814 1416 892 1442 esset
914 1416 992 1443 orta.
1038 1414 1119 1442 Erat
1145 1413 1275 1442 medium
1301 1413 1417 1443 noctis:
1440 1413 1512 1452 quid
1527 1415 1623 1444 Amor
1637 1415 1696 1443 im·

244 1457 356 1497 probus
371 1466 427 1486 non
441 1452 558 1484 audet?
605 1454 731 1483 Faunus
745 1454 870 1483 accessit
887 1457 973 1484 nocte
988 1455 1027 1484 nd
1048 1456 1221 1492 speluncam
1236 1464 1304 1483 rore
1319 1463 1518 1493 conspersam.
1568 1455 1609 1485 Et
1625 1465 1696 1486 cum

247 1499 346 1529 cernit
361 1498 486 1527 comites
493 1497 631 1534 jacentes
644 1505 748 1534 sopore
763 1499 794 1525 et
809 1505 903 1532 mero,
927 1496 1098 1526 arbitratur
1114 1497 1194 1526 idem
1209 1506 1270 1526 esse
1292 1496 1389 1525 somni
1404 1498 1436 1526 in
1452 1497 1595 1526 dominis.
1643 1498 1662 1527 I
1663 1507 1695 1527 n-

246 1540 412 1580 greditur,·
435 1542 465 1569 et
480 1539 599 1568 adulter
615 1537 795 1568 temerarius
808 1542 939 1576 vagatur
954 1538 1010 1568 huc
1028 1539 1110 1576 illuc,
1135 1542 1164 1567 et
1178 1538 1344 1577 praemittit
1361 1547 1467 1568 manus
1480 1538 1637 1577 providas,
1664 1542 1696 1569 ee

246 1582 449 1622 subsequitur.
499 1580 630 1611 Venerat
646 1581 685 1609 ad
701 1580 811 1610 cubilia
826 1580 924 1620 petita
939 1582 1001 1611 tori
1023 1581 1131 1617 strati,
1152 1584 1241 1620 atque
1250 1580 1380 1617 futurus
1394 1583 1461 1610 erat
1478 1581 1581 1611 beatus
1592 1581 1697 1621 prima

247 1629 340 1656 sorte.
389 1625 465 1654 Cum
478 1622 586 1662 tetigit
598 1623 708 1662 pellem
723 1623 875 1663 hispidam
889 1624 964 1654 setis
978 1623 1038 1664 rufi
1052 1623 1147 1653 leonis
1160 1623 1335 1662 pertimuit,
1349 1626 1378 1654 et
1391 1623 1537 1657 sustinuit
1554 1633 1675 1654 manum
1691 1631 1707 1663 ς

857 1705 1088 1716 ‘mmet-o·

247 1767 351 1795 —327
364 1763 458 1795 Med.
475 1772 558 1793 unus
572 1772 625 1792 sua
639 1765 762 1801 pectora
776 1764 980 1792 samm-329
996 1763 1047 1792 Ex
1065 1762 1191 1794 ZulIch.
1202 1763 1292 1793 Maz.
1307 1763 1403 1794 Voss.
1415 1766 1450 1794 et
1465 1763 1538 1794 aliis
1554 1763 1694 1794 nonnul-

248 1808 287 1838 lis
304 1807 423 1838 Heins.
441 1805 535 1836 dedit
550 1805 625 1844 pia;
649 1805 755 1835 ceteri
771 1805 959 1844 quia—333
985 1805 1041 1835 Fr.
1057 1815 1132 1835 com.
1148 1815 1242 1836 somn.
1266 1805 1399 1836 inverso
1416 1805 1555 1836 ordine:
1579 1810 1615 1837 et
1631 1815 1697 1846 pro

247 1851 371 1881 comites
388 1858 469 1880 unus
486 1848 599 1882 socios,·
624 1847 706 1877 alius
715 1846 861 1884 famulos.
906 1847 1068 1877 Menon-es
1086 1847 1167 1878 daut
1181 1849 1303 1885 solutos,
1326 1852 1361 1878 et
1381 1848 1428 1881 sic
1454 1847 1587 1889 quidem
1601 1848 1694 1889 vulg.

247 1892 393 1924 editum:
419 1895 454 1921 at
480 1889 588 1921 Codd.
611 1889 755 1925 variant,
779 1898 921 1929 quorum
946 1889 1087 1919 diversae
1114 1890 1276 1920 lectiones
1298 1894 1375 1920 sunt
1398 1891 1540 1930 sepultos,
1565 1890 1694 1930 sopitos,

245 1937 405 1972 gravatos,
431 1933 689 1971 jacentes—334
723 1932 817 1961 Unus
844 1931 931 1960 liber
957 1941 1022 1970 cap.
1058 1931 1129 1960 hinc
1151 1931 1282 1961 dominis
1306 1941 1361 1965 ess.
1386 1932 1451 1962 duo
1482 1935 1512 1961 et
1536 1931 1697 1967 dominos,-

248 1977 278 2007 T
281 1977 377 2007 huan.
400 1975 433 2005 in
448 1974 700 2005 dominos—337
724 1973 812 2003 Maz.
834 1975 926 2004 strat.
943 1975 1078 2003 tractata
1093 1972 1265 2004 σκιὰ-338
1288 1973 1342 2003 Fr.
1360 1972 1421 2010 fel.
1441 1973 1534 2013 prim.
1557 1973 1694 2004 inverso

896 2066 1040 2098 NOTAE

248 2143 374 2177 Africae
403 2142 543 2183 populi:
578 2150 702 2182 neque,
731 2139 861 2180 opinor,
880 2149 941 2179 pro

247 2203 396 2235 purpura
413 2191 654 2233 pretiosissima
675 2190 762 2221 hunc
781 2191 941 2220 muricem

246 2243 368 2275 Afrum
385 2242 469 2272 sumi
485 2250 621 2271 necesse
639 2245 690 2270 est
705 2240 896 2270 admonere.

288 2296 348 2324 321
372 2291 494 2330 Minor]
538 2291 688 2323 Quilibet
708 2291 869 2330 conjiciat
884 2290 939 2330 qui

246 2344 430 2375 Herculem
447 2341 548 2372 fando
565 2342 769 2380 cognoverit.

289 2396 350 2425 323
373 2391 536 2431 Armillas]
568 2392 626 2422 Les
642 2391 811 2423 brasselels.

289 2447 351 2475 324
373 2443 517 2483 Vincula]
531 2442 671 2472 Calceos
684 2451 803 2481 nempe
822 2441 940 2481 phren-

247 2495 337 2526 etico
367 2503 481 2523 errore
511 2492 653 2522 foeminae
682 2491 722 2521 ab
750 2492 838 2521 omni
867 2501 939 2522 aevo

245 2545 424 2576 voluerunt
440 2542 562 2573 habere
575 2542 796 2578 arctissimos;
816 2542 939 2581 utijam

247 2595 324 2626 olim
355 2593 522 2624 Lucianns
555 2592 643 2621 inter
674 2601 785 2633 earum
823 2597 939 2622 cetera

247 2644 399 2675 notavit:
419 2642 585 2672 Hercules
600 2651 678 2671 vero
688 2632 806 2681 pedem
821 2642 939 2673 habuit

247 2693 377 2733 corpori
392 2701 456 2722 non
471 2692 644 2731 imparem.

289 2746 349 2775 325
376 2743 517 2782 Claram]
546 2741 704 2772 Herculis
719 2746 902 2780 gestamen.

292 2792 446 2836 Spolium]
473 2791 572 2825 Quod
592 2801 651 2833 pro
665 2792 789 2823 amictu
805 2791 850 2822 illi
867 2791 939 2824 fuit.

1037 2143 1098 2172 327
1123 2140 1191 2181 Sic]
1215 2141 1351 2173 Mutato
1365 2142 1469 2172 cultu.

1037 2195 1098 2223 328
1107 2192 1289 2232 Secubuere]
1302 2192 1401 2231 Quia,
1411 2197 1449 2223 ut
1461 2191 1575 2223 subdit
1585 2192 1692 2233 Naso,

995 2241 1116 2271 Libero
1154 2242 1242 2280 patri
1280 2251 1350 2271 rem
1388 2241 1534 2272 divinam
1564 2240 1692 2276 facturi

994 2294 1103 2320 erant.
1128 2290 1375 2329 Receptissimo
1391 2294 1503 2321 autem
1519 2290 1585 2321 ritu
1599 2290 1690 2330 apud

993 2344 1127 2371 veteres
1142 2339 1174 2369 in
1192 2344 1286 2370 casto
1302 2349 1373 2370 esse
1390 2339 1560 2372 debebant
1581 2340 1689 2381 quise

995 2391 1042 2421 rei
1059 2400 1162 2421 sacrae
1178 2399 1274 2420 mane
1291 2389 1468 2420 immisturi
1484 2394 1608 2420 essent.

1037 2443 1098 2470 329
1122 2439 1300 2479 Repertori]
1327 2439 1473 2477 Baccho,
1488 2439 1630 2469 scilicet.

1036 2493 1097 2521 332
1124 2489 1269 2528 Roscida]
1292 2488 1454 2525 Humida,
1469 2487 1511 2517 de
1527 2497 1631 2519 more.

1034 2543 1096 2571 333
1123 2538 1272 2578 Comites]
1301 2539 1367 2570 Qui
1380 2537 1564 2569 Herculem
1585 2542 1690 2579 atque

995 2590 1196 2631 Omplialem
1212 2589 1329 2619 secuti.

1036 2644 1096 2672 335
1130 2638 1218 2678 Huc]
1271 2638 1407 2678 Quippe
1448 2637 1520 2674 sine
1562 2637 1689 2669 lumine

992 2695 1124 2722 antrum
1146 2689 1306 2720 subierat.

1036 2742 1098 2771 336
1120 2735 1274 2775 Praesert]
1307 2737 1434 2769 Eorum
1447 2746 1539 2769 more
1553 2736 1611 2780 qui
1626 2745 1689 2777 per

993 2790 1139 2822 obscura
1156 2786 1337 2819 ambulant.
