1773 3121
205 197 320 239 2176
688 206 726 234 P.
758 204 915 234 ov1n11
950 202 1160 233 NAsoNis

209 305 341 355 Filia,
363 305 572 356 carpento
590 301 756 355 patrios
776 300 937 341 initura
955 301 1150 352 penates,

264 373 365 413 Ibat
385 384 460 424 per
478 368 647 410 medias
668 368 757 407 alta
774 366 983 419 feroxque
1003 365 1114 406 vias.

208 437 380 491 Corpus
398 440 445 477 ut
465 435 658 489 aspexit,
676 434 883 487 lacrymis
902 434 1050 485 auriga
1068 429 1259 485 profusis
1568 428 1651 468 «305

265 505 459 545 Restitit.
503 495 504 498 ¹
521 502 655 543 Hunc
672 502 746 542 tali
768 502 946 554 corripit
966 501 1040 540 illa
1060 511 1194 539 sono:

208 571 379 612 Vadis'!
410 578 466 610 an
485 573 698 622 expectas
719 569 901 621 pretium
918 567 1094 620 pietatis
1114 575 1303 605 amarum
1319 562 1337 601 ‘l

266 638 381 686 Duc,
401 637 593 688 inquam,
613 635 774 675 invitas
794 635 893 687 ipsa
912 647 990 687 per
1010 645 1086 673 ora
1106 634 1238 671 rotas.

210 703 340 745 Certa
359 702 468 743 fides
488 702 615 742 facti:
647 701 788 741 dictus
811 701 1059 741 Sceleratus
1078 699 1132 739 ab
1153 697 1229 738 illa

264 769 423 816 Vicus,
445 771 488 807 et
508 770 672 806 aeterna
691 778 759 805 res
781 778 834 804 ea
853 778 1006 817 pressa
1021 768 1136 805 nota.
1569 759 1654 801 610

208 835 320 876 Post
338 837 483 874 tamen
502 832 583 871 hoc
605 842 715 870 ausa
734 833 799 870 est
815 829 1040 881 templum,
1060 832 1337 870 monumenta
1356 826 1567 881 parentis,

263 900 456 952 Tangere
473 911 482 938 ε
513 897 625 938 mira
645 895 834 949 quidem,
857 895 934 935 sed
952 898 1096 935 tamen
1117 897 1215 935 acta
1232 894 1402 947 loquar.

210 968 388 1020 Signum
406 967 498 1005 erat
515 962 560 1003 in
580 962 697 1003 solio
718 961 918 1002 residens
938 962 1020 1001 sub
1043 960 1229 1013 imagine
1246 959 1386 1001 Tulli:

267 1032 441 1074 Dicitur
461 1031 546 1070 hoc
565 1029 705 1070 oculis
727 1028 992 1082 opposuisse
1013 1041 1204 1068 manum.

211 1101 268 1142 Et
287 1112 376 1141 vox
395 1097 547 1138 audita
569 1098 647 1145 est,
671 1095 833 1136 Vultus
855 1095 1110 1136 abscondite
1128 1098 1316 1143 nostros,
1575 1092 1660 1133 615

267 1166 340 1207 Ne
360 1168 476 1205 natae
497 1163 673 1203 videant
694 1174 770 1202 ora
788 1161 979 1202 nefanda
999 1174 1123 1202 meae.

210 1232 350 1273 Veste
371 1231 473 1270 data
492 1229 668 1280 tegitur:
698 1230 816 1267 vetat
834 1228 945 1267 hanc
969 1226 1160 1266 Fortuna
1181 1226 1346 1266 moveri
1363 1239 1374 1265 :

268 1298 326 1338 Et
345 1297 411 1337 sic
433 1309 456 1335 e
479 1294 637 1346 templo
659 1294 726 1332 est
745 1292 844 1345 ipsa
862 1292 1010 1331 locuta
1032 1304 1139 1331 suo:

212 1365 300 1404 Ore
319 1361 512 1403 revelato
534 1372 621 1411 qua
638 1358 828 1411 primum
848 1357 945 1396 luce
963 1356 1132 1409 patebit

269 1428 466 1477 Servius,
481 1426 578 1467 haec
598 1424 735 1478 positi
755 1422 897 1476 prima
917 1421 1097 1475 pudoris
1117 1421 1208 1462 erit.
1579 1423 1664 1465 620

210 1567 304 1608 guine
333 1566 467 1605 infectus
502 1566 533 1595 in
569 1568 653 1594 terra
685 1572 805 1601 aspera.
849 1562 939 1592 Nata
963 1561 1142 1600 ingressura
1168 1561 1291 1591 domum
1311 1563 1473 1600 paternam
1503 1561 1666 1593 vehebatur

211 1612 328 1650 pilento
355 1619 411 1649 per
440 1608 555 1638 medias
579 1607 644 1636 vias
666 1605 803 1635 sublimis
825 1609 916 1644 atque
941 1604 1125 1643 superbiens.
1169 1604 1292 1641 Auriga
1315 1613 1382 1633 cum
1397 1603 1477 1634 vidit
1491 1613 1600 1643 corpus
1615 1614 1664 1635 re-

212 1653 296 1683 stitit
312 1652 455 1691 lacrymis
468 1648 585 1689 sparsis
595 1660 604 1678 :
627 1649 680 1678 illa
695 1649 822 1678 damnat
838 1647 916 1676 hunc
938 1646 1109 1684 hujusmodi
1121 1655 1209 1675 voce:
1227 1645 1298 1676 Isne
1308 1643 1324 1676 ζ)
1346 1655 1385 1675 an
1400 1649 1541 1685 expectas
1556 1647 1665 1677 duram

215 1695 380 1725 mercedem
394 1691 543 1733 pietatis?
560 1691 688 1727 Ducite,
708 1691 842 1728 inquam,
857 1692 942 1719 rotas
962 1689 1097 1718 nolentes
1109 1697 1165 1727 per
1179 1688 1260 1728 ipsos
1274 1688 1385 1718 vultus.
1410 1688 1503 1718 Fides
1512 1687 1667 1725 facinoris

213 1737 406 1767 indubitata:
429 1735 479 1765 vin
492 1735 575 1764 dicta
588 1733 723 1763 Scelesta
732 1732 770 1762 ab
781 1732 834 1762 illa
845 1742 857 1767 ;
880 1734 911 1761 et
924 1730 1042 1764 factum
1053 1730 1130 1760 illud
1144 1730 1300 1768 signatum
1310 1733 1382 1760 nota
1394 1729 1557 1761 indelebili.
1593 1731 1666 1761 Non

214 1784 316 1810 tamen
330 1778 428 1808 verita
441 1780 485 1807 est
495 1780 561 1816 post
572 1776 626 1806 hoc
637 1775 754 1805 intrare
766 1775 860 1804 cedem
878 1774 927 1804 sui
936 1774 1039 1813 patris
1055 1783 1064 1802 :
1087 1773 1186 1802 dicam
1199 1772 1318 1812 quidem
1328 1773 1489 1812 stupenda,
1503 1773 1556 1802 sed
1565 1775 1668 1803 tamen

207 1821 310 1858 facta.
333 1820 441 1858 Imago
462 1819 548 1849 vultu
569 1817 663 1848 Tullii
683 1820 749 1846 erat
768 1816 868 1855 posita
882 1816 913 1846 in
933 1815 1026 1845 solio:
1057 1824 1092 1845 ea
1111 1814 1226 1844 dicitur
1249 1813 1387 1852 objecisse
1414 1824 1538 1844 manum
1562 1815 1671 1853 oculis-V

215 1864 318 1903 Atque
333 1872 393 1892 vox
406 1862 514 1891 audita
527 1863 583 1895 est,
599 1859 706 1898 Tegite
713 1858 831 1895 facicm
844 1861 994 1895 nostram,
1018 1866 1055 1887 ne
1074 1857 1204 1896 aspiciat
1223 1857 1324 1886 vultus
1346 1855 1480 1893 nefarios
1492 1857 1668 1898 meaefilt'a’.

220 1905 381 1935 occulitur
408 1908 481 1942 toga
502 1903 621 1933 oblata:
649 1902 787 1932 Fortuna
809 1900 949 1940 prohibet
973 1900 1051 1929 hanc
1073 1900 1161 1929 tolli.-
1184 1902 1275 1938 atque
1290 1898 1358 1938 ipsu
1380 1898 1428 1928 ita
1451 1899 1552 1929 locuta
1567 1901 1612 1930 est
1627 1908 1667 1929 ex

217 1947 340 1978 delubro
356 1957 409 1977 suo
422 1957 431 1976 :
458 1946 527 1981 Qua
542 1945 592 1975 die
607 1944 733 1974 Servius
744 1943 879 1983 primum
893 1942 1054 1982 apparebit
1068 1942 1154 1971 vultu
1169 1942 1296 1980 nudato,
1317 1941 1381 1971 hoec
1394 1940 1455 1971 erit
1465 1941 1571 1982 prima
1584 1950 1668 1972 vere-

826 2038 1060 2050 eeeeeeeeeeee

220 2112 241 2133 a
256 2111 355 2132 manu
371 2103 489 2141 prima.
516 2103 626 2132 Burm.
640 2101 814 2132 Secu—607
838 2101 899 2130 Be.
912 2110 951 2130 an
971 2103 1111 2138 aspectus
1123 2103 1206 2138 pret.
1230 2099 1312 2129 Mox
1328 2097 1477 2128 nonnulli
1494 2101 1575 2129 vett.
1589 2099 1667 2138 pict.

219 2145 380 2184 iniquum‚·
405 2144 490 2174 Laeti
516 2144 599 2174 Cod.
626 2145 860 2172 anmroe.—609
884 2142 922 2171 In
951 2142 1066 2171 multis
1086 2141 1171 2178 sacti
1196 2143 1253 2178 est,
1275 2140 1349 2170 dict.
1371 2140 1457 2170 alter
1487 2141 1527 2170 P.
1547 2140 1668 2179 sactis.-

221 2186 339 2216 Burm.
361 2186 434 2215 See.
450 2185 596 2215 malebat
615 2184 811 2224 Certafides,
832 2183 921 2220 sacto
937 2184 966 2212 (1.
990 2183 1025 2212 S.
1042 2182 1144 2211 abillo
1176 2182 1318 2212 ise—610
1344 2183 1400 2212 Fr.
1414 2186 1478 2212 not.
1502 2185 1666 2214 est.-611

221 2228 292 2258 Hoc
309 2228 476 2266 meliores,
491 2231 578 2256 teste
605 2227 723 2256 Heius.
741 2226 795 2255 alii
812 2225 995 2254 have—612
1020 2225 1130 2254 Ursin.
1146 2223 1278 2254 Arund.
1302 2223 1462 2264 multique
1479 2225 1534 2254 alii
1549 2227 1609 2254 act.
1625 2225 1667 2255 lo-

222 2279 321 2308 quar,-
345 2279 394 2309 ρι’.
412 2268 453 2299 Α.
470 2273 505 2299 et
530 2268 615 2298 Laeti
634 2269 751 2298 Codex
765 2269 987 2297 camme-*015
1012 2266 1101 2295 Maz.
1119 2270 1154 2295 ct
1180 2265 1245 2295 duo
1263 2266 1319 2295 alii
1343 2265 1484 2296 abscond.
1499 2269 1669 2296 vestros.-

221 2314 285 2342 617
309 2313 361 2342 Sa.
379 2311 418 2342 F.
435 2310 653 2341 valera-618
678 2311 745 2341 Pro
769 2309 835 2348 ipsa
851 2308 947 2338 multi
969 2307 1089 2347 scripti
1116 2312 1151 2338 ct
1177 2307 1265 2337 Edd.
1293 2308 1444 2347 quaedam
1459 2309 1532 2339 illa:
1557 2318 1608 2348 pr.
1625 2309 1668 2339 V.

874 2412 1013 2444 NOTJE

223 2487 332 2519 fectus
357 2492 418 2526 est,
444 2497 520 2518 cum
547 2498 581 2517 se
603 2488 750 2527 domum,
766 2498 863 2528 quam
887 2488 919 2518 in
975 2491 1150 2525 cumeum,
1166 2489 1398 2516 consternatos
1412 2496 1516 2527 equos
1532 2486 1612 2526 egit.

226 2536 384 2576 Esquiliis
412 2536 540 2574 habuit,
565 2537 767 2566 semianimis
791 2537 919 2576 recipe·
1016 2539 1077 2566 611
1106 2536 1274 2576 Templum]
1297 2537 1454 2566 Fortunae
1472 2537 1635 2577 templum
1652 2547 1672 2568 a

228 2589 294 2616 ret.
973 2585 1092 2616 Servio
1108 2591 1354 2617 consecratum.

268 2637 332 2665 603
358 2634 457 2673 Filia]
480 2635 602 2671 Tullia,
620 2635 692 2665 scil.
1017 2638 1079 2665 620
1113 2634 1229 2673 Positi]
1277 2636 1326 2665 Ut
1362 2644 1472 2677 neque
1501 2636 1670 2668 Romanos

270 2687 334 2715 609
358 2685 454 2714 Certa
471 2684 570 2724 fides]
603 2684 725 2722 Tullia,
754 2687 792 2713 ut
819 2684 922 2714 habet
976 2684 1064 2716 tanti
1079 2685 1215 2716 sceleris
1232 2685 1362 2725 pudere
1376 2685 1547 2720 credatur.

229 2735 358 2775 Florus,
367 2742 468 2774 super
481 2738 655 2765 cruentum
672 2737 815 2774 patrem,
827 2738 924 2765 vecta
1135 2750 1138 2753 Δ
