1773 3121
245 250 358 293 1890
729 261 772 291 P.
804 259 962 289 ovmn
997 257 1209 289 NAsoms

248 362 349 411 Sed,
372 375 448 403 cur
465 361 690 415 praecipue
707 359 848 411 fugiat
865 358 1082 400 velamina
1103 356 1299 403 Faunus,

303 428 508 469 Traditur
529 426 698 479 antiqui
720 426 867 466 fabula
885 427 1013 480 plena
1028 425 1133 478 joci.

249 494 378 535 Forte
399 507 547 535 comes
570 493 758 534 dominae
775 493 952 546 juvenis
973 492 1226 547 Tirynthius
1247 490 1365 530 ibat:
1606 486 1695 528 305

307 561 429 602 Vidit
449 561 503 600 ab
525 561 703 601 excelso
726 559 904 601 Faunus
924 566 1156 612 utrumque
1172 559 1294 612 jugo.

246 627 385 677 Vidit,
407 632 450 669 et
468 629 667 677 incaluit,
691 627 991 681 M‘ontanaque
1011 627 1200 676 numina,
1221 623 1352 671 dixit,

303 696 383 736 Nil
402 696 504 736 mihi
525 696 752 736 vobiscum
773 699 862 736 est:
893 696 989 736 haec
1007 707 1129 734 meus
1151 692 1277 734 ardor
1295 690 1389 732 erit.

248 762 345 804 Ibat
365 763 556 804 odoratis
577 764 778 804 humeros
801 762 977 815 perfusa
997 762 1168 815 capillis
1510 807 1514 818 ἰ

303 831 511 879 Maeonis,
533 835 684 870 aurato
705 829 1015 882 conspicienda
1034 830 1142 869 sinu.
1607 820 1694 861 310

246 896 393 937 Aurea
410 898 626 950 pellebant
646 897 825 948 rapidos
847 894 1102 935 umbracula
1120 894 1259 944 soles;

303 962 416 1013 Quae
438 967 578 1003 tamen
599 962 829 1003 Herculeae
850 962 1090 1002 sustinuere
1109 973 1280 1001 manus.

244 1029 435 1084 Jamque
455 1042 608 1070 nemus
630 1028 815 1077 Bacchi,
834 1028 981 1069 Tmoli
1002 1029 1164 1077 vineta,
1186 1028 1387 1068 tenebat:

305 1097 534 1151 Hesperus
556 1102 600 1137 et
620 1097 745 1137 fusco
766 1095 964 1137 roscidus
985 1095 1079 1136 ibat
1099 1108 1228 1149 equo.

243 1197 333 1235 plcnu
344 1194 408 1233 joci
422 1196 534 1226 veteris
549 1195 698 1235 refertur,
724 1196 918 1235 quamobrem
931 1197 1105 1236 praesertim
1122 1196 1250 1227 Faunus
1268 1195 1346 1226 vitet
1360 1194 1554 1226 vestimenta.
1601 1192 1700 1226 Forte

237 1239 362 1275 juvenis
377 1238 558 1278 Tirynthius
572 1237 746 1268 ambulabat
753 1238 882 1275 ¹§mrem-<5
895 1239 1044 1269 dominoe:
1070 1239 1194 1268 Faunus
1208 1238 1332 1278 aspexit
1343 1241 1504 1277 utrumque
1519 1247 1559 1269 ea:
1573 1236 1700 1273 sublimi

246 1280 410 1310 cacumine.
455 1280 598 1319 Aspexit,
623 1283 652 1309 et
669 1281 806 1310 incensus
829 1284 885 1319 est,
907 1284 998 1320 atque
1013 1281 1109 1318 dixit,
1136 1281 1212 1310 Deae
1227 1279 1398 1310 monticoloe
1413 1279 1492 1310 nihil
1506 1280 1583 1310 mihi
1599 1280 1699 1310 vobis-

246 1333 324 1358 rum,
340 1323 400 1352 ista
416 1322 474 1351 erit
488 1331 569 1351 mams
583 1331 678 1352 amor.
724 1322 859 1352 Maeonis
883 1322 1039 1352 incedebat
1063 1322 1175 1352 habens
1190 1322 1329 1352 humeros
1342 1331 1463 1360 sparsos
1476 1322 1614 1352 crinibus
1627 1322 1698 1351 odo-

246 1365 334 1402 ratis,
348 1364 505 1404 splendida
521 1363 651 1394 restibus
661 1364 794 1395 auratis.
842 1364 980 1394 Umbella
991 1374 1084 1395 aurea
1095 1364 1217 1395 arcebat
1225 1364 1366 1402 fervidos
1379 1363 1483 1394 radios
1498 1364 1592 1401 Solis,
1605 1373 1698 1404 quam

245 1411 345 1437 tamen
362 1416 469 1437 manus
482 1405 809 1443 Herculeaeferebant.
853 1407 928 1436 Jam
943 1410 1068 1437 venerat
1085 1408 1125 1436 nd
1147 1407 1252 1437 vineta
1267 1406 1423 1437 Bacchica
1437 1406 1555 1446 sylvam
1574 1405 1671 1437 Tmoli
1683 1415 1699 1443 ,¹

856 1487 1089 1499 oooooooooooo

246 1548 307 1575 304
333 1545 446 1575 Prima
460 1544 526 1582 joci
539 1544 630 1575 Maz.
658 1543 746 1584 quod
771 1543 911 1575 videtur
936 1554 997 1584 pro
1023 1545 1126 1584 priva,
1148 1547 1187 1575 ut
1208 1553 1309 1584 soepe,
1331 1543 1476 1584 positum
1499 1553 1520 1574 a
1537 1543 1699 1577 librarioz

247 1588 314 1617 vid.
340 1587 381 1616 ad
406 1587 463 1618 lib.
481 1595 506 1617 ι.
523 1589 596 1617 113.
622 1590 657 1617 et
680 1587 729 1616 ita
753 1586 830 1617 olim
848 1587 949 1618 etiam
968 1587 1129 1618 Heinsius
1146 1587 1354 1627 conjecerat,
1374 1587 1430 1617 vel
1443 1587 1556 1626 prisca.
1579 1587 1701 1619 Burm-

246 1632 352 1660 —306
373 1630 459 1668 Jugo
476 1634 529 1660 est
545 1639 586 1659 ex
604 1634 675 1668 opt.
697 1629 739 1659 V.
766 1634 801 1660 et
827 1629 896 1660 Ma.
920 1639 1004 1660 unus
1021 1634 1134 1660 autem
1152 1634 1220 1660 vet.
1236 1639 1313 1660 cum
1330 1629 1419 1668 vulg.
1435 1629 1617 1660 eoem—308
1639 1630 1700 1661 Fr.

245 1673 295 1702 lzic
313 1682 372 1712 pro
389 1672 461 1703 hoec.
507 1670 639 1702 Deinde
654 1672 732 1703 Jnn.
748 1681 831 1702 meus
844 1672 930 1711 ignis
944 1673 1025 1703 erit.-
1049 1672 1137 1703 Laeti
1154 1677 1189 1702 et
1206 1671 1291 1702 alins
1314 1673 1407 1701 ardor
1427 1671 1593 1702 ait.-310
1616 1672 1699 1704 Qui-

246 1715 325 1745 dam
342 1715 492 1745 scribunt
509 1714 748 1745 Mennis.——3ll
774 1715 830 1744 Fr.
848 1724 924 1744 cum
941 1714 1056 1745 multis
1073 1714 1145 1744 aliis
1162 1718 1197 1745 et
1214 1713 1303 1754 vulg.
1322 1714 1393 1753 pell.
1417 1714 1536 1754 tepidos
1555 1713 1700 1745 umor.—

246 1760 308 1788 313
333 1757 435 1796 Vulg.
461 1757 639 1796 legebatur
663 1757 738 1786 Jum
753 1756 872 1787 Bacchi
887 1766 992 1788 nemus
1007 1761 1037 1788 et
1057 1757 1159 1788 Tmoli
1172 1756 1278 1787 vineta
1297 1756 1453 1786 tenebant.
1497 1755 1638 1787 Numeri
1662 1756 1699 1787 iu

243 1800 307 1830 hoc
324 1808 423 1830 versu
437 1799 574 1830 turbati.
591 1799 788 1829 Puteaneus
798 1799 907 1830 codex
918 1805 955 1831 et
967 1809 1051 1830 unus
1062 1800 1200 1830 Fames.
1213 1799 1346 1838 Jamque
1359 1807 1465 1829 nemus
1479 1797 1596 1829 Bacchi
1606 1808 1618 1835 ;
1630 1798 1701 1829 duo

244 1842 299 1872 alii
316 1842 352 1871 τὸ
368 1846 398 1872 et
415 1851 479 1872 non
495 1846 694 1881 agnoscunt,
740 1842 845 1882 Lege,
868 1843 943 1872 Jam
967 1842 1123 1881 Bacchea,
1143 1851 1249 1872 nemus
1273 1841 1384 1880 Tmoli,
1410 1841 1514 1871 vineta
1537 1840 1702 1873 tenebant:

245 1885 293 1915 ita
311 1884 445 1915 Bacchei
459 1885 609 1922 ululatus,
631 1893 693 1924 pro
711 1884 899 1923 Baccliicis‚
917 1884 1002 1915 Met.
1028 1894 1075 1915 ιν.
1104 1886 1154 1915 17.
1177 1884 1264 1914 malo
1280 1888 1405 1922 autem,
1428 1882 1571 1914 tenebant
1597 1893 1700 1924 quam

246 1927 380 1966 tenebat,
401 1926 491 1968 quod
519 1927 553 1956 in
575 1926 746 1966 plerisque
764 1930 836 1956 est:
861 1927 910 1956 sic
927 1926 1046 1966 Virgil.
1073 1926 1144 1956 AEn.
1163 1934 1213 1956 vr.
1227 1928 1301 1956 477.
1345 1925 1353 1941 ‘
1371 1925 1458 1955 Inde
1474 1925 1588 1956 datum
1603 1925 1699 1956 moli-

247 1974 302 1999 tur
318 1969 402 2000 iter:
421 1969 560 2009 jamque
583 1977 665 1998 arva
691 1967 852 1998 tenebant
867 1968 1007 1998 Ultima.
1051 1967 1175 1998 AEneas
1197 1976 1320 2006 nempe
1345 1970 1382 1996 et
1404 1966 1559 2006 Sibylla.’
1582 1967 1699 1999 Heius.

247 2010 379 2041 Mitiori
397 2010 568 2041 medicina
581 2010 670 2049 lego,
685 2019 759 2040 cum
776 2009 995 2047 Farnesiano,
1017 2009 1149 2049 Jamque
1172 2018 1279 2039 nemus
1304 2008 1435 2046 Bacchi,
1462 2008 1572 2039 Tmoli
1584 2009 1702 2048 cineta,

247 2052 380 2082 tenebat.
402 2057 441 2083 ut
458 2052 502 2083 sit
518 2052 706 2092 appositio:
731 2052 807 2082 vino
824 2050 971 2082 feracem
987 2052 1139 2082 Tmolum
1154 2050 1299 2081 vidimus
1325 2050 1367 2080 ad
1391 2050 1449 2081 lib.
1464 2059 1513 2081 5¹1.
1541 2051 1628 2082 Met.
1645 2054 1699 2083 15.

247 2095 368 2124 tenebat
394 2095 499 2125 etiam
525 2103 592 2125 non
616 2093 816 2124 mutandum
842 2098 985 2135 propter
1010 2103 1155 2135 sequens
1179 2093 1272 2124 subit.
1295 2093 1519 2124 Euam—314
1542 2093 1701 2134 Hesperos

904 2178 1045 2210 NOTAE

247 2249 342 2289 legis,
358 2248 490 2289 credas,
503 2249 651 2291 inquam,
662 2251 696 2282 id
709 2251 798 2293 quod
814 2261 866 2282 res
881 2256 945 2292 est,
998 2252 1166 2292 Tirynthe
1180 2252 1371 2294 oppido‚de
1383 2262 1446 2294 quo
1456 2262 1570 2293 supra,
1580 2252 1695 2284 datum

249 2309 330 2340 opes
367 2309 441 2330 esse
473 2301 645 2340 maximas,
681 2302 722 2332 iis
759 2312 843 2342 opus
876 2312 943 2333 non
998 2311 1129 2333 nomen.

247 2349 386 2389 habere,
413 2354 516 2390 atque
548 2351 667 2390 opibus
713 2350 812 2382 facile
843 2361 942 2392 posse
1040 2356 1103 2383 306
1136 2352 1278 2393 Faunus]
1323 2353 1478 2395 Namque
1507 2353 1562 2385 hic
1592 2357 1696 2395 alque

248 2408 377 2430 carere.
422 2400 472 2429 Eo
496 2400 594 2430 modo
622 2401 716 2431 Dens
741 2401 813 2441 ipse
839 2401 944 2433 etiam
997 2402 1073 2433 Pan
1090 2412 1190 2433 unum
1210 2412 1345 2434 numen.

248 2454 300 2481 est
315 2449 420 2480 dives.
463 2450 530 2480 Sed
545 2450 635 2480 istud
658 2451 775 2482 melius
790 2451 946 2483 docuerit
1042 2456 1104 2484 308
1126 2453 1246 2493 Ardor]
1281 2452 1404 2491 Amor;
1426 2453 1490 2484 hoc
1516 2458 1580 2493 est,
1596 2462 1695 2494 qnam

246 2499 399 2538 Flaccus,
425 2499 623 2539 probaverit
651 2501 839 2542 Scriptura,
866 2511 944 2534 con·
999 2504 1132 2535 amabo.

247 2547 432 2579 firmaverit
447 2558 520 2579 usus
538 2549 624 2589 ipse.
1041 2555 1103 2583 310
1118 2552 1266 2592 Maeom‘s]
1292 2552 1459 2592 Omphale
1474 2551 1622 2582 Maeonia
1636 2561 1697 2584 seu

290 2601 353 2629 305
387 2598 547 2638 Domina]
590 2600 780 2641 Omphalae,
802 2603 944 2635 scilicet.
998 2602 1118 2643 Lydia.

251 2648 352 2680 Hanc
368 2658 449 2680 vero
463 2649 579 2690 Lydiae
596 2651 759 2691 reginam,
775 2653 828 2684 eui
843 2654 945 2685 servi·
1040 2652 1176 2692 Aurata]
1186 2651 1324 2682 Vestem
1334 2650 1453 2681 habuit
1465 2650 1604 2681 sericam
1616 2649 1699 2682 Om-

251 2698 302 2728 vit
330 2697 513 2738 Hercules,
524 2699 601 2730 'non
627 2701 731 2732 semel
748 2701 891 2733 vidimus
913 2704 947 2734 in
1001 2702 1113 2743 phale,
1127 2702 1314 2732 intertexto
1330 2710 1424 2732 auro.

251 2749 537 2788 praecedentibus.
1046 2751 1283 2793 conspicienda]
1311 2752 1434 2792 Neque
1455 2754 1567 2783 tamen
1589 2749 1697 2790 magis

297 2799 495 2842 Tirynthius]
509 2799 688 2842 Hercules,
698 2800 843 2842 scilicet,
859 2803 912 2834 cui
928 2813 948 2833 a
1001 2803 1073 2836 auri
1088 2802 1230 2844 fulgore,
1242 2812 1341 2845 quam
1357 2801 1504 2835 Nasonis
1518 2800 1665 2843 ingenio.

1769 2035 1772 2057 l
