1773 3121
218 215 332 259 1682
701 225 742 256 P.
773 223 933 255 ovmn
967 222 1178 254 NAsoNrs

220 319 282 361 Ut
302 322 545 374 poterentur
564 320 652 360 ea?
713 319 801 359 Sed
821 320 935 359 enim
955 319 1190 372 superabat
1210 316 1397 360 amando

221 388 323 429 Hos
344 401 517 441 quoque
535 387 803 428 Vertumnus
821 401 830 428 ε
862 400 1001 440 neque
1022 392 1114 427 erat
1133 385 1299 427 felicior
1317 385 1418 427 illiS.

221 455 260 497 0
282 457 450 509 quoties
472 455 622 495 habitu
644 454 741 494 duri
762 454 968 494 messoris
990 455 1149 493 aristas

221 523 362 564 Corbe
384 522 507 572 tulit3
539 522 715 574 verique
734 522 816 562 fuit
833 521 1039 561 messoris
1058 519 1227 572 imago!

220 592 443 643 Tempora
462 603 580 642 saepe
602 602 752 642 gerens
773 591 889 631 foeno
912 590 1089 642 religata
1108 587 1287 638 recenti,
1581 584 1668 624 645

220 658 457 698 Desectam
476 662 645 710 poterat
665 670 838 710 gramen
857 669 1057 697 versasse
1078 655 1232 695 videri.

221 726 353 778 Saepe
373 737 505 765 manu
524 725 718 765 stimulos
738 724 876 776 rigida
897 724 1119 777 portabat3
1150 726 1199 763 ut
1218 721 1341 762 illum

218 791 248 832 J
254 805 399 833 arares
418 791 557 832 fessos
575 791 708 831 modo
730 791 1000 844 disjunxisse
1012 790 1243 842 juvencos.

221 859 353 899 Falce
373 859 487 907 data,
504 857 725 898 frondator
745 862 853 907 erat,
875 858 1061 911 vitisque
1083 860 1269 908 putator.

220 924 425 965 Induerat
446 925 608 972 scalas,
630 924 842 964 lecturum
861 937 992 976 poma
1013 928 1201 976 putares.
1587 919 1672 961 650

220 991 351 1032 Miles
370 995 459 1031 erat
480 990 643 1041 gladio,
670 991 865 1042 piscator
885 991 1091 1030 arundine
1113 993 1270 1038 sumta,

221 1059 422 1111 Denique
442 1070 522 1110 per
543 1057 700 1097 multas
722 1056 886 1097 aditum
913 1057 997 1096 sibi
1018 1069 1141 1109 saepe
1163 1055 1325 1107 figuras

222 1125 415 1178 Repetit,
437 1128 484 1163 ut
500 1127 674 1176 caperet
695 1127 907 1176 spectatae
929 1123 1089 1175 gaudia
1107 1123 1273 1164 formae.

220 1191 301 1232 Ille
323 1191 452 1231 etiam
475 1192 597 1243 picta
615 1189 839 1230 redimitus
860 1195 1058 1242 tempora
1077 1190 1217 1237 mitra,

221 1258 416 1298 Innitens
436 1257 608 1306 baculo,
631 1256 788 1309 positis
811 1256 866 1297 ad
887 1261 1084 1311 tempora
1104 1256 1242 1305 canis,
1587 1253 1673 1295 655

216 1396 377 1437 pudendis,
391 1399 425 1427 ut
439 1407 506 1427 eam
519 1397 795 1437 consequerentur?
844 1397 955 1429 Verum
971 1399 1121 1429 enimvero
1151 1399 1336 1429 Vertumnus
1358 1395 1552 1436 praecellebat
1576 1394 1673 1426 etiam

222 1439 287 1470 inis
301 1440 429 1470 amando
438 1450 449 1476 ;
472 1450 565 1480 neque
581 1443 648 1470 erat
662 1441 777 1470 beatior
793 1440 864 1471 illis.
912 1442 941 1471 Ο
956 1442 1071 1481 quoties
1085 1441 1222 1481 portarit
1249 1440 1363 1470 aristas
1379 1439 1478 1477 corbe,
1502 1438 1601 1478 specie
1624 1446 1675 1468 as-

218 1481 289 1520 peri
303 1482 455 1521 messoris,
471 1486 501 1512 et
509 1482 577 1520 fuit
595 1483 695 1520 imago
712 1483 776 1512 ceri
792 1484 957 1515 messoris!
988 1484 1076 1523 Soepe
1091 1483 1203 1514 liabens
1218 1486 1354 1522 tempora
1369 1481 1474 1511 vincta
1485 1490 1560 1510 novo
1567 1478 1668 1518 foerw,

218 1526 342 1563 poterat
357 1524 457 1554 videri
474 1525 597 1555 vertisse
612 1524 719 1555 herbas
733 1526 854 1556 recisas.
900 1526 989 1566 Soepe
996 1526 1123 1564 ferebat
1133 1527 1252 1556 aculeos
1266 1534 1356 1554 mauu
1370 1525 1459 1560 duro,
1476 1525 1509 1552 ut
1521 1530 1671 1552 assereres

223 1566 309 1595 illum
325 1567 410 1595 nwdo
428 1566 507 1604 jugo
530 1568 642 1597 levasse
659 1571 764 1597 tauros
782 1567 885 1598 lassos.
933 1569 1024 1599 Falce
1039 1569 1140 1598 oblata
1155 1571 1221 1598 erat
1238 1567 1416 1604 frondator,
1439 1569 1469 1596 et
1485 1564 1558 1595 ritis
1572 1573 1678 1603 ampu-

222 1610 318 1637 tator.
364 1607 524 1638 Sumserat
549 1610 656 1645 scalas,
681 1611 820 1638 crederes
843 1611 1040 1640 collecturum
1064 1621 1164 1648 poma.
1217 1611 1293 1639 Erat
1323 1608 1409 1637 miles
1434 1616 1502 1637 ense
1529 1607 1675 1644 cinctus,

219 1651 358 1689 piscator
381 1650 471 1688 virga
486 1653 585 1689 capta.
631 1651 772 1689 Denique
788 1652 890 1680 crebro
906 1653 965 1681 sibi
988 1653 1111 1691 pararit
1128 1660 1279 1682 accessum
1293 1660 1348 1690 per
1363 1650 1474 1679 multas
1490 1648 1624 1686 formas,
1639 1651 1675 1678 ut

215 1691 378 1729 frueretur
392 1693 547 1732 voluptate
563 1692 636 1722 risoe
661 1692 910 1731 pulchritudinis.
957 1694 1014 1724 Ille
1035 1694 1129 1724 etiam
1144 1693 1256 1723 liabens
1272 1696 1410 1732 tempora
1427 1692 1564 1722 involuta
1581 1690 1676 1721 mitra

218 1734 317 1774 picta,
332 1734 468 1765 innitens
481 1734 626 1777 scipione,
641 1735 760 1775 capillis
783 1735 863 1765 albis
877 1736 981 1778 affixis
997 1736 1194 1778 temporibus,
1206 1737 1347 1766 imitatus
1362 1737 1408 1765 est
1421 1734 1567 1773 vetulum,
1584 1736 1676 1774 atque

842 1821 993 1833 moeaeoo
996 1823 1071 1833 ouo

223 1885 276 1916 hic
293 1894 367 1917 esse
381 1886 491 1916 locum
509 1890 623 1916 monet
645 1885 870 1916 Heium—641
896 1885 947 1914 Ex
972 1885 1165 1916 melioribus
1182 1885 1302 1916 Heius.
1319 1885 1461 1925 protulit
1474 1888 1678 1925 poterentur,-

223 1928 314 1966 vulg.
334 1928 530 1966 potirentur:
563 1928 639 1957 Bas.
663 1928 845 1966 potiantur5
870 1926 966 1956 multi
995 1927 1096 1957 etiam
1118 1928 1394 1967 postremam—644
1419 1927 1458 1957 In
1475 1927 1676 1967 quibusdam

223 1970 365 2008 durique,
379 1969 590 2006 improbante
608 1969 829 1999 Burm.—645
855 1968 932 1997 Duo
949 1967 1027 1998 libri
1042 1979 1115 2009 saep.
1137 1969 1365 2007 ferens.—-646
1392 1969 1534 2000 Versasse
1550 1979 1592 2000 ex
1608 1979 1677 2001 sec.

223 2010 297 2041 Pal.
313 2020 364 2050 pr.
381 2011 458 2040 Bas.
474 2016 616 2050 utroque
635 2009 763 2040 Erfurt.
783 2010 811 2040 Ι.
826 2015 862 2040 et
879 2010 996 2040 decem
1021 2010 1115 2048 aliis;
1138 2012 1228 2051 vulg.
1243 2013 1482 2042 versura—648
1505 2011 1547 2041 In
1562 2010 1678 2042 multis

224 2052 328 2083 etiam
343 2053 495 2082 Jurasses.
525 2053 611 2082 Dein
628 2062 713 2082 unus
739 2052 853 2082 Heius.
879 2054 960 2082 mod.
985 2053 1145 2084 divertisse
1164 2054 1343 2092 jum—649
1367 2054 1404 2083 ln
1422 2062 1487 2083 uno
1504 2053 1623 2084 Heius.
1639 2056 1677 2084 et

223 2094 303 2124 Bas.
323 2094 460 2131 falcator
488 2104 548 2134 pro
570 2094 748 2132 frondator.
776 2094 893 2125 Heius.
920 2095 1020 2125 etiam
1044 2096 1193 2127 malebat
1209 2097 1436 2126 suisve—650
1459 2095 1573 2136 Thysii
1590 2094 1676 2127 eod.

225 2135 372 2168 Induitur
392 2136 465 2168 scal.
490 2137 548 2166 sed
578 2142 659 2175 tum,
684 2137 803 2176 judice
832 2137 952 2167 Heius.
978 2138 1100 2176 putaris
1125 2139 1169 2169 sit
1196 2138 1387 2177 legendnm,
1411 2147 1476 2168 non
1495 2140 1676 2178 putares.—

224 2179 287 2209 653
311 2179 368 2209 Pr.
385 2179 465 2208 Bas.
494 2188 559 2209 sec.
586 2179 660 2209 Pal.
688 2180 773 2210 alter
791 2179 978 2218 Hamburg.
995 2184 1029 2210 et
1047 2181 1195 2221 quinque
1221 2181 1276 2210 alii
1303 2190 1370 2220 cap.
1392 2183 1524 2220 speraloe
1537 2180 1675 2219 gaud.—

226 2222 289 2253 654
313 2220 394 2252 Duo
418 2220 495 2252 libri
521 2224 612 2262 temp.
639 2221 834 2253 vitta—655
860 2223 911 2252 Aa
934 2222 1048 2254 Burni.
1074 2222 1170 2254 dedit
1186 2232 1229 2253 ex
1246 2223 1322 2254 Bas.
1339 2227 1374 2254 et
1390 2232 1449 2253 sex
1463 2222 1561 2260 aliis3
1585 2222 1675 2263 vulg.

874 2327 1019 2359 NOTAE

227 2409 353 2449 Deum,
390 2409 518 2441 Bacchi
555 2414 590 2441 et
627 2410 769 2441 Veneris
806 2410 925 2451 filium,
978 2413 1198 2454 etymologias
1243 2415 1370 2445 Noster
1416 2413 1553 2453 alicubi,
1589 2414 1677 2445 Pro-

226 2459 392 2501 pudendis
425 2461 492 2491 suis
520 2461 568 2491 ita
598 2465 744 2502 turpem,
770 2466 806 2492 ut
833 2461 924 2493 fures
978 2466 1107 2505 pertius
1124 2465 1273 2505 insuper,
1288 2466 1399 2506 quide
1414 2475 1455 2496 eo
1471 2465 1594 2496 multus
1610 2471 1676 2505 est,

226 2511 343 2550 etiam,
370 2512 396 2542 si
422 2512 547 2543 Nasoni
569 2513 700 2552 credas,
731 2519 925 2553 proterrere
979 2515 1060 2545 alias
1076 2515 1260 2545 subnectit.
1306 2515 1420 2546 Romae
1437 2516 1595 2546 sacellum
1616 2515 1677 2546 ha-

230 2562 391 2603 potuerit.
979 2564 1062 2594 buit.
1111 2564 1209 2594 Festa
1231 2564 1301 2603 ejus
1316 2565 1551 2595 Vertumnalia
1571 2564 1678 2604 dicta,

271 2614 334 2643 642
363 2612 559 2653 Vertumnus]
599 2613 675 2642 Fuit
692 2622 774 2643 unus
791 2623 833 2643 ex
851 2613 926 2643 Diis
981 2623 1054 2654 quae
1070 2623 1180 2644 mense
1193 2613 1334 2644 Octobri
1348 2613 1618 2644 celebrabantur.

229 2660 374 2701 Latinis,
413 2664 467 2692 cui
504 2672 522 2693 a
558 2661 734 2701 vertendo,
770 2662 859 2702 qnod
893 2663 927 2692 in
1023 2667 1086 2695 650
1113 2664 1232 2705 Scalas]
1273 2664 1404 2696 Quibus
1434 2668 1587 2703 utuntur,
1617 2666 1676 2706 qui

231 2711 356 2744 formas
387 2723 502 2744 omnes
541 2723 614 2744 sese
652 2717 812 2752 verteret,
844 2713 927 2743 illud
983 2723 1084 2753 poma
1099 2723 1142 2744 ex
1158 2712 1333 2745 arboribus
1349 2712 1406 2744 diu
1427 2712 1592 2745 servanda
1607 2714 1676 2746 col·

231 2771 352 2794 nomen
374 2762 582 2805 impositum.
625 2763 824 2806 Quanquam
846 2763 928 2794 alias
982 2763 1103 2804 ligunt.
