1773 3121
248 264 363 307 1782

252 368 446 419 Oceano,
470 382 694 410 numerem
710 371 729 410 ’ἕ
762 370 1069 424 quodcumque
1091 371 1331 412 habitabile
1352 371 1479 413 tellus

742 277 783 309 P.
817 278 975 309 OVlDll
1010 277 1223 310 NASONIS

1621 371 1708 413 830

251 436 461 483 Sustinet,
484 437 615 490 hujus
635 438 738 478 erit:
770 443 934 490 pontus
956 451 1133 491 quoque
1153 439 1313 478 serviet
1331 438 1411 479 illi.

251 503 372 544 Pace
393 503 496 544 datu.
518 505 658 554 terris,
683 506 872 545 animum
896 505 952 544 ad
977 505 1126 544 civilia
1151 509 1290 544 vertet

249 568 278 609 J
284 583 361 610 ura
380 584 520 618 suum,
543 572 742 624 legesque
762 573 870 612 feret
884 572 1160 627 justissimus
1182 574 1357 612 auctor:

252 636 552 690 Exemploque
575 652 656 679 suo
677 653 825 680 mores
847 645 990 691 reget:
1022 640 1151 691 inque
1175 638 1309 678 futuri

250 703 486 756 Temporis
507 708 696 755 aetatem,
719 710 1076 758 venturorumque
1097 708 1317 757 nepotum,

1625 704 1710 747 835

252 769 552 823 Prospiciens‚
576 773 742 824 prolem
764 780 915 813 sancta
935 773 989 812 de
1008 772 1194 825 conjuge
1214 776 1360 812 natam

252 836 382 877 Ferre
404 838 533 878 simul
553 852 799 891 nomenque
823 853 948 879 suum
970 852 1187 891 curasque
1200 839 1389 892 jubebit.

252 903 365 953 Nec,
387 906 473 945 nisi
495 918 595 945 cum
617 907 759 945 senior
779 906 947 945 similes
969 906 1207 957 aequaverit
1230 918 1380 953 annos,

248 1018 340 1047 habet
355 1017 521 1048 habitabile
537 1019 596 1048 erit
612 1018 710 1057 hujus.
756 1019 849 1049 DIare
864 1019 958 1050 etiam
971 1019 1019 1049 illi
1034 1019 1222 1058 obsequetur.

1269 1019 1353 1049 Pace
1377 1018 1507 1058 praebita
1530 1018 1626 1050 terris
1638 1028 1707 1050 con-

242 1059 328 1095 feret
344 1060 502 1098 ingenium
516 1071 604 1091 suum
628 1063 668 1091 ud
687 1062 763 1100 jura
789 1062 906 1099 civilia,
930 1065 960 1092 et
984 1061 1175 1100 aequissimus
1196 1064 1302 1091 auctor
1328 1065 1444 1092 stutzoet
1458 1063 1540 1100 leges
1549 1072 1560 1098 ,·
1583 1064 1612 1092 et
1627 1072 1708 1092 com-

247 1105 339 1139 ponet
355 1113 454 1133 mores
468 1113 520 1132 suo
544 1105 681 1143 exemplo
694 1114 705 1139 ‚·
729 1107 758 1133 et
774 1105 930 1134 consulens
945 1104 1054 1134 soeculo
1073 1102 1181 1141 futuri
1196 1103 1342 1143 temporis
1365 1107 1395 1134 et
1410 1107 1605 1135 venturorum
1619 1113 1709 1143 nepo-

249 1149 327 1183 tum,
352 1144 471 1175 curabit
483 1146 664 1185 progeniem
679 1149 778 1176 ortam
793 1148 830 1176 u'e
845 1150 953 1177 sancta
968 1155 1066 1176 uxore
1081 1155 1201 1177 sumere
1216 1147 1308 1176 simul
1322 1156 1429 1177 nomen
1445 1150 1476 1177 et
1499 1156 1599 1178 curas.
1644 1147 1708 1177 Ne-

858 1238 995 1249 eeeeeee

252 1303 385 1334 lichem.
409 1312 485 1333 cum
502 1302 613 1334 tribus
641 1303 723 1334 aliis.

999 1238 1093 1249 eeeee

769 1303 887 1334 Heius.
912 1304 984 1334 vult
1013 1304 1054 1339 Q.
1083 1307 1105 1334 t.
1134 1305 1302 1335 Barbarioe
1323 1310 1431 1344 gentes
1456 1306 1493 1336 ab
1518 1316 1549 1337 u.
1567 1305 1706 1343 j.—830

249 1345 346 1376 Med.
376 1345 414 1376 Ο.
431 1355 624 1382 enumerem;
662 1346 728 1376 duo
760 1346 815 1375 alii
844 1345 1094 1383 referam—833
1119 1347 1203 1378 Cod.
1223 1348 1379 1378 Meuard.
1403 1349 1515 1388 legesq.
1537 1348 1613 1378 sciet
1628 1348 1709 1386 just.

249 1389 356 1417 ——834
382 1388 483 1417 Liber
501 1388 632 1419 Ciofan.
651 1393 686 1418 et
703 1398 786 1418 unus
803 1388 843 1417 V.
855 1391 943 1426 geret
961 1398 1021 1427 pro
1037 1392 1135 1427 reget.
1182 1389 1300 1420 Heius.
1317 1391 1462 1421 malebat
1477 1389 1706 1428 trunsum-.—

249 1432 312 1459 8:30
337 1430 377 1459 Iu
402 1429 602 1469 quibusdam
627 1430 712 1460 Edd.
738 1431 774 1460 de
799 1430 920 1468 virgine
950 1433 1124 1461 nat.—837
1150 1432 1249 1462 Cant.
1277 1436 1312 1462 et
1342 1432 1477 1472 plurimi
1505 1433 1563 1463 alii
1588 1441 1706 1472 curasq-

246 1471 482 1502 1-1'‹1ebit.—838
506 1472 576 1502 Pro
593 1472 694 1502 senior
711 1472 853 1502 Botliius
870 1472 957 1510 conj.
979 1472 1074 1502 senio.
1118 1473 1207 1503 Dein
1224 1482 1275 1512 pr.
1293 1474 1380 1504 Mor.
1396 1475 1563 1514 Bernegg.
1586 1475 1648 1505 Ro.
1671 1478 1708 1504 et

248 1514 385 1552 plurimi
401 1514 457 1544 alii
479 1515 601 1554 patrios
618 1524 679 1555 pro
695 1515 825 1544 similes:
851 1518 888 1544 at
911 1514 1038 1545 Thuan.
1063 1514 1188 1555 aliique
1216 1520 1361 1556 quatuor
1379 1516 1457 1547 Cum
1470 1520 1581 1556 patruo
1607 1516 1709 1547 senior

912 1611 1052 1643 NOTAE

247 1692 404 1714 occasum
431 1688 465 1715 et
490 1684 667 1716 meridiem
683 1686 815 1726 pacatis
843 1686 952 1727 genti-

248 1734 321 1773 bus,
338 1734 379 1764 ad
395 1734 685 1774 Septemtrionem
714 1746 848 1778 quoque
869 1737 953 1768 dun-

247 1788 345 1815 taxat
360 1784 451 1815 intra
466 1786 620 1816 Rhenum
634 1791 733 1827 atque
748 1787 951 1827 Danubium,

244 1833 327 1864 item
354 1834 396 1864 ad
424 1835 602 1866 Orientem
632 1837 721 1867 intra
741 1837 888 1867 Taurum
915 1842 950 1868 et

245 1884 466 1924 Euphraten;
504 1886 552 1916 illi
576 1896 709 1926 quoque
738 1887 875 1925 reliqui,
892 1886 949 1916 im-

244 1944 361 1965 munes
386 1936 520 1975 imperii
538 1937 594 1976 qui
618 1941 730 1975 erant,
754 1936 950 1967 sentiebant

245 1987 358 2013 tamen
395 1985 673 2023 magnitudinem,
712 1989 748 2016 et
783 1985 948 2015 victorem

245 2033 396 2072 gentium
414 2034 583 2074 Populum
607 2035 796 2066 Romanum
814 2044 948 2065 revere-

243 2082 393 2113 bantur.'
931 2106 935 2108 v

286 2136 347 2164 831
366 2134 486 2174 Hujus]
503 2135 512 2151 ‘
528 2135 595 2165 Ubi
612 2140 736 2166 cuncta
750 2140 851 2177 atque
869 2146 946 2167 con-

244 2183 340 2214 tinua
356 2184 459 2214 totius
488 2185 621 2224 generis
647 2185 784 2216 humani
808 2191 865 2217 aut
881 2196 947 2226 pax

242 2232 320 2273 fuit,
336 2238 394 2264 aut
411 2235 537 2274 pactio,
553 2245 652 2266 ausus
681 2237 818 2267 taudem
836 2238 949 2268 Caesar

244 2283 419 2323 Augustus
450 2285 756 2324 septingentesimo
782 2287 824 2317 ab
854 2287 947 2318 Urbe

244 2332 383 2363 condita
401 2343 487 2364 anuo
514 2335 639 2366 Janum
657 2336 840 2368 Geminum
857 2338 946 2369 clau-

245 2381 349 2413 dere!
374 2383 509 2413 Florus.

287 2434 350 2462 832
375 2432 506 2472 Civilia]
523 2434 531 2450 ⁴
548 2434 738 2466 Conversus
757 2436 800 2466 ad
817 2446 948 2478 pacem,

243 2490 386 2521 pronum
403 2482 434 2512 in
450 2483 562 2514 omnia
579 2485 665 2515 mala
680 2486 763 2516 etin
779 2487 946 2517 luxuriam

245 2530 351 2562 fluens
377 2533 535 2562 saeculum
565 2535 723 2572 gravibus
751 2537 944 2577 severisque

246 2581 378 2622 legibus
393 2583 507 2613 multis
523 2583 687 2615 coercuit.
731 2585 787 2615 Ob
804 2586 874 2615 hmo
893 2591 944 2617 tot

246 2628 341 2661 facta
357 2631 508 2670 ingentia
525 2633 692 2662 Dictator
709 2638 892 2672 perpetuus
911 2640 945 2664 et

247 2680 355 2711 Pater
371 2680 496 2711 Patriae
514 2681 648 2713 dictus.’

290 2733 353 2761 834
372 2731 536 2771 Exemplo]
561 2731 683 2762 Isthaec
703 2743 753 2763 res
772 2740 841 2770 es13
867 2743 944 2772 nou,

246 2784 285 2811 ut
301 2781 434 2821 plurimi
448 2782 557 2812 solent
572 2783 799 2822 cavillatores,
812 2784 866 2823 qui
879 2793 944 2814 non

248 2831 312 2861 alia
327 2832 438 2871 gratia
454 2832 612 2864 videntur
624 2833 697 2864 aliis
710 2833 796 2865 bene
809 2833 944 2865 dicendi

1009 1689 1068 1717 aut
1084 1685 1171 1717 bene
1189 1686 1338 1718 faciendi
1361 1686 1507 1718 studium
1523 1686 1708 1726 inculcare,

1006 1745 1107 1776 quam
1138 1740 1176 1767 ut
1206 1736 1269 1766 soli
1299 1736 1526 1767 calumniandi
1555 1740 1591 1767 et
1621 1737 1707 1767 male

1005 1784 1152 1822 faciendi
1171 1786 1278 1816 locum
1296 1786 1478 1826 quasijure
1494 1785 1684 1817 obtineant.

1046 1838 1109 1866 836
1133 1835 1274 1875 Prolem]
1290 1835 1466 1866 Tiberium
1482 1835 1581 1874 dicit,
1592 1845 1633 1865 ex
1649 1835 1705 1866 Li-

1002 1886 1057 1915 via
1084 1886 1238 1916 Drusilla
1266 1896 1382 1926 uxore,
1410 1897 1509 1928 quani
1536 1886 1708 1927 Augustus

1002 1936 1220 1965 matrimonio
1243 1936 1373 1966 Tiberii
1401 1937 1566 1975 Neronis,
1582 1941 1617 1968 et
1633 1937 1706 1977 qui-

1003 1984 1078 2014 dem
1112 1989 1363 2024 praegnantem‚
1393 1985 1546 2024 abduxit,
1575 1985 1708 2016 dilexit-

1004 2043 1070 2074 que
1087 2039 1122 2064 et
1139 2034 1296 2073 probavit
1314 2035 1412 2065 unice
1429 2045 1468 2065 ac
1487 2044 1707 2075 perseveran-

1002 2088 1070 2113 ter:
1109 2088 1145 2114 ut
1184 2083 1290 2115 refert
1325 2085 1549 2125 Tranquillus.
1604 2085 1705 2116 Illum

1002 2139 1129 2172 autem,
1148 2136 1321 2165 Tiberium
1347 2135 1436 2175 dico,
1462 2134 1646 2176 adoptione
1666 2135 1704 2165 fi-

1001 2183 1081 2214 lium
1098 2194 1192 2214 suum
1211 2185 1318 2224 fe‹·it;
1344 2186 1397 2216 cui
1422 2185 1611 2217 successori
1624 2186 1704 2217 bea-

1002 2233 1163 2264 tissimum
1185 2235 1445 2275 Rempublicam
1461 2235 1608 2276 reliquit.

1043 2287 1106 2314 838
1130 2284 1271 2325 Similes]
1296 2286 1422 2316 Rerum
1448 2289 1618 2324 gestarum
1634 2286 1705 2326 glo-

1001 2333 1063 2372 ria,
1085 2334 1311 2374 interpretor:
1337 2345 1449 2376 neque
1462 2335 1601 2366 aliorum
1617 2345 1702 2377 quos

1003 2383 1072 2414 vidi
1089 2385 1204 2424 placet
1219 2385 1415 2426 explicatio,

1045 2434 1244 2475 AEquaverit]
1269 2436 1346 2466 Non
1363 2444 1512 2474 numero,
1535 2435 1703 2476 siquidem

1002 2492 1089 2513 anno
1107 2484 1218 2514 aetatis
1234 2486 1488 2516 nvnex'tinctus
1500 2486 1614 2517 Julius
1631 2485 1705 2516 Cae-

1001 2542 1068 2570 sar,
1084 2533 1126 2562 ad
1146 2542 1268 2564 Lxxw.
1294 2534 1467 2573 Augustus
1492 2534 1704 2573 pervenerim

1003 2591 1116 2611 verum
1144 2582 1244 2621 hujus
1272 2584 1452 2623 :Pquaudos
1475 2593 1577 2614 anuos
1594 2584 1703 2616 voluit

999 2632 1106 2662 Vates
1135 2638 1301 2670 quotquot
1329 2634 1453 2664 seniori
1481 2635 1701 2674 obtingerent

1000 2682 1164 2722 praeclare
1182 2689 1353 2722 gestarum
1375 2693 1486 2715 rerum
1502 2685 1613 2717 laude.

1041 2732 1162 2771 Annos]
1186 2733 1255 2764 Pro
1274 2734 1356 2766 Vita
1381 2744 1442 2766 seu
1458 2734 1532 2776 ejus
1547 2735 1697 2768 Ratione

999 2785 1035 2813 et
1051 2783 1223 2815 Instituto.
