1773 3121
226 240 339 282 1866
709 253 752 284 P.
784 253 941 283 ovlmt
973 252 1186 284 NASONIS

231 346 439 388 FEBRUA
462 346 653 388 Romani
675 347 824 389 dixere
845 348 1039 402 piamina
1058 352 1205 402 patres
1226 362 1234 389 z

283 414 415 455 Nunc
433 427 608 468 quoque
629 415 734 455 dant
752 416 886 456 verbo
907 416 1092 470 plurima
1115 415 1238 468 signa
1256 413 1397 455 fidem.
1616 413 1672 454 20

227 481 467 522 Pontifices
489 483 545 523 ab
567 482 689 536 Rege
709 487 862 536 petunt
881 487 925 524 et
944 483 1140 523 Flamine
1161 483 1297 531 lanas,

283 547 396 598 Quis
418 550 552 590 veteri
569 550 716 603 lingua
736 550 909 592 Februa
928 564 1081 592 nomen
1101 553 1207 591 erat.

226 613 427 668 Quaeque
447 615 568 669 capit
586 617 716 658 lictor
735 616 938 658 domibus
963 619 1218 671 purgamina
1239 617 1384 667 certis,

278 682 462 723 Torrida
483 696 583 724 cum
602 685 718 725 mica
737 684 866 733 farra,
888 688 1099 726 vocantur
1117 684 1242 726 idem.

222 748 399 791 Nomen
418 751 532 791 idem
550 764 695 803 ramo;
727 753 801 805 qui
822 765 965 793 caesus
986 754 1041 792 ab
1063 753 1217 792 arbore
1236 765 1360 806 pura,
1615 753 1672 795 25

279 816 416 858 Casta
436 818 715 859 sacerdotum
733 822 928 871 tempora
947 819 1097 858 fronde
1116 820 1233 871 tegit.

222 931 307 962 hoste
327 932 690 963 domando.-—·Patres
705 932 839 963 Romani
853 933 1082 972 appellaverunt
1095 931 1234 971 piamina
1253 931 1391 962 Februa:
1407 942 1486 963 nunc
1501 932 1595 963 etiam
1605 934 1675 973 plu-

221 973 301 1003 rima
316 973 432 1004 indicia
445 974 678 1016 faciuntfidevn
693 974 768 1005 voci.
814 975 981 1015 Pontifices
993 978 1104 1014 petunt
1117 974 1155 1004 ab
1171 975 1259 1012 Rege
1281 977 1312 1004 et
1318 973 1449 1014 flamine
1463 975 1551 1005 lanas
1565 976 1674 1015 quibus

220 1025 330 1046 nomen
358 1019 424 1046 erat
459 1016 577 1047 Februa
607 1018 715 1056 lingua
743 1017 881 1057 antiqua.
926 1017 1029 1057 Atque
1055 1016 1254 1056 purgamina,
1278 1026 1347 1055 quae
1369 1016 1459 1047 lictor
1489 1017 1672 1049 Flaminius

220 1057 313 1088 sumit
323 1067 362 1088 ex
374 1058 467 1089 certis
479 1059 630 1099 domibus,
632 1059 727 1097 farra
741 1062 822 1090 tosta
836 1069 903 1090 cum
919 1060 997 1090 mica
1008 1060 1099 1098 salis,
1113 1059 1308 1098 appellantur
1323 1059 1425 1089 eodem
1440 1059 1568 1091 nomine.
1586 1060 1674 1091 Idem

222 1109 331 1132 nomen
354 1110 453 1141 ramo,
481 1102 533 1141 qui
557 1102 674 1133 recisas
702 1102 740 1133 ab
765 1101 873 1133 arbore
894 1112 987 1142 pura,
1006 1103 1087 1134 velat
1103 1102 1194 1140 soliis
1208 1104 1346 1142 tempora
1367 1104 1451 1132 casta
1463 1101 1673 1133 Sacerdotum.

829 1185 1063 1198 eeeeeeeeeeee

216 1242 285 1272 pac.
330 1232 445 1263 Ursini
475 1233 599 1273 Aspice.
644 1233 733 1265 Dein
760 1234 814 1264 Fr.
838 1237 949 1274 pacato
973 1235 1013 1265 si.
1058 1233 1099 1264 In
1122 1234 1292 1264 nonnullis
1317 1234 1355 1264 ab
1379 1234 1450 1265 orbe
1477 1237 1585 1265 vacat.-
1609 1234 1676 1266 Ed.

222 1274 369 1315 Gryphii
385 1275 489 1305 etiarn
507 1280 541 1306 et
556 1276 690 1315 Mycilli
707 1276 744 1307 ab
761 1275 832 1306 orbe
848 1286 958 1306 vacas.-
983 1277 1038 1306 Fr.
1062 1275 1100 1306 ab
1115 1276 1200 1306 hoste
1215 1279 1352 1307 vacatu-
1361 1279 1401 1306 19
1424 1277 1582 1316 Quinque
1598 1276 1675 1307 libri

221 1317 341 1357 scripti
358 1325 434 1348 cum
451 1318 505 1348 Fr.
522 1318 589 1349 dix.
602 1318 724 1358 piacula
738 1321 823 1358 patr.
826 1321 910 1349 —20
934 1318 1061 1349 Decem
1078 1318 1155 1348 libri
1175 1318 1260 1348 Huic
1276 1328 1361 1358 quoq.
1363 1321 1445 1348 —21
1472 1287 1538 1349 Aliqi
1561 1318 1675 1357 aReg.

219 1362 304 1390 —22
333 1359 439 1390 Veteri
466 1370 506 1390 ex
532 1361 650 1391 decem
677 1361 773 1391 libris
801 1360 921 1391 Heins.
950 1360 1102 1400 reposuit
1128 1370 1189 1400 pro
1217 1361 1306 1400 vulg.
1332 1364 1490 1397 veterum;
1522 1361 1674 1392 nonnulli

221 1401 323 1432 etiam
349 1405 461 1441 vetere,
485 1402 538 1432 vel
563 1403 671 1441 reteri,
694 1403 726 1433 in
753 1403 828 1441 ling.
884 1403 972 1433 Dein
1002 1403 1133 1432 Bonon.
1162 1412 1241 1433 nom.
1269 1405 1454 1433 erant.—23
1488 1402 1548 1433 Pr.
1576 1402 1673 1433 Med.

216 1453 311 1484 purg.
337 1445 456 1481 cernis;
479 1445 577 1474 Voss.
605 1444 694 1475 Maz.
724 1449 760 1475 et
787 1445 871 1474 alius
896 1444 990 1476 Med.
1016 1444 1137 1480 ternis;
1160 1444 1215 1475 Sa.
1243 1454 1305 1483 pro
1335 1454 1403 1475 var.
1430 1445 1512 1476 lect.
1535 1445 1674 1475 acernis.-

219 1485 338 1516 Heins.
355 1486 443 1526 conj.
467 1487 655 1517 tersis—24
684 1486 814 1517 Torrida
829 1485 955 1517 habent
971 1495 1021 1527 pr.
1037 1486 1124 1517 Edd.
1145 1495 1219 1516 cnm
1237 1486 1365 1524 Ursini,
1380 1487 1479 1517 Voss.
1500 1490 1535 1517 et
1556 1487 1673 1518 multis

221 1527 294 1559 aliis
311 1528 420 1560 Codd.
449 1538 533 1560 nnus
548 1530 591 1560 V.
611 1529 770 1569 Turgida5
795 1533 926 1570 septem
944 1529 1012 1569 alii,
1038 1529 1109 1560 Ma.
1135 1528 1265 1559 Fratris
1289 1533 1324 1559 et
1349 1528 1463 1560 Ursin.
1482 1528 1673 1560 Turbida.—

873 1623 904 1654 N
913 1621 1015 1654 OTAE

219 1689 254 1720 in
284 1689 468 1722 Germania
501 1701 578 1722 cum
623 1692 720 1723 saevis
765 1692 916 1724 hostibus

218 1749 336 1771 manus
361 1741 576 1773 conserebat.
621 1742 771 1773 Annales
786 1743 916 1784 inspice

219 1794 363 1830 tantum,
381 1795 416 1821 et
431 1791 480 1822 ita
496 1802 568 1822 esse
583 1792 655 1833 ipse
668 1802 865 1833 cognosces,

262 1844 302 1872 19
326 1841 464 1883 Februa]
512 1843 612 1874 Nunc
641 1844 683 1874 ad
714 1853 784 1874 rem
809 1844 916 1885 ipsam

218 1891 325 1931 Naso,
352 1897 532 1933 postquam
552 1892 750 1923 Germanici
772 1893 916 1925 benevo-

219 1941 359 1972 lentiam
377 1942 541 1981 captavit.

264 1990 423 2031 Piamina]
444 1991 453 2007 ‘
470 1990 616 2021 Februa'
631 1991 725 2022 dicta
744 1995 821 2021 sunt
837 2000 915 2031 pur-

220 2044 380 2080 gamenta
398 2041 512 2081 lingna
522 2040 659 2080 Sabina,
674 2044 711 2072 ut
722 2041 823 2071 docet
834 2042 915 2072 Var-

217 2098 272 2120 ro:
299 2089 478 2130 dictusque
494 2094 547 2121 est
559 2091 637 2121 inde
654 2091 844 2121 Februarius
865 2101 915 2122 se-

218 2139 348 2171 cundus
359 2140 496 2179 mensis,
510 2150 568 2171 seu
583 2141 720 2171 ultimus
733 2142 917 2172 secundum

218 2193 370 2220 veterem
409 2190 710 2230 computationem,
747 2191 838 2232 quod
876 2201 916 2222 eo

218 2239 363 2280 populus
399 2239 571 2270 sacrifieiis
608 2241 806 2281 expiatoriis
838 2251 916 2282 pur-

215 2293 364 2329 garetnr.

259 2342 297 2370 21
325 2339 426 2380 Rege]
460 2339 512 2370 De
528 2340 647 2380 eojam
665 2350 767 2381 supra
791 2341 833 2372 de
849 2352 915 2382 quo

215 2394 329 2419 tamen
350 2394 500 2428 repetam
519 2399 594 2430 quae
611 2390 714 2421 docet
729 2391 844 2422 Livius
866 2392 915 2422 his

217 2438 347 2470 verbis:
385 2440 393 2455 ‘
413 2439 561 2479 Regibus
587 2441 729 2480 exactis,
756 2445 791 2472 et
818 2446 916 2481 parta

214 2488 387 2528 libertate,
424 2498 536 2519 rernm
567 2489 755 2521 divinarum
793 2484 915 2523 deinde

216 2537 335 2568 habita
352 2547 442 2574 cura.
459 2543 494 2568 et
510 2538 588 2578 quia
607 2539 760 2579 quaedam
779 2541 915 2580 publica

218 2597 313 2619 sacra
330 2598 390 2627 per
405 2589 495 2628 ipsos
514 2598 609 2629 reges
631 2589 786 2621 factitata
806 2597 916 2630 erant,

216 2637 338 2668 necubi
347 2646 460 2676 regum
472 2637 672 2668 desiderium
681 2644 781 2678 esset,
790 2640 917 2679 Regem

217 2685 441 2718 sacrificulum
468 2692 584 2718 creant
600 2699 607 2718 2
631 2689 664 2719 id
679 2689 916 2720 Sacerdotium

218 2735 382 2768 Pontifici
392 2737 582 2777 subjecere,
592 2748 634 2768 ne
646 2738 780 2770 additus
791 2740 917 2771 nomini

218 2786 336 2828 honos,
361 2786 487 2829 aliquid
517 2787 683 2831 libertati,
714 2789 808 2830 cujus
836 2793 919 2823 tune

972 1692 1078 1732 prima
1095 1695 1169 1722 erat
1185 1701 1278 1730 cura,
1292 1689 1471 1722 officeret-⁹

1015 1742 1171 1782 Flumine]
1203 1741 1310 1782 Diali,
1323 1741 1379 1782 qui
1391 1741 1469 1773 Jovi
1481 1740 1670 1773 institutus.

1014 1793 1132 1832 lamas]
1164 1793 1316 1826 Quarum
1329 1802 1407 1824 usus
1420 1792 1454 1822 in
1470 1791 1672 1832 expiationi-

971 1843 1046 1874 bus.
1105 1843 1145 1873 In
1177 1842 1418 1884 Lupercalibus
1447 1842 1548 1881 enim,
1577 1841 1672 1872 verbi

972 1894 1093 1934 gratia,
1117 1898 1154 1924 ut
1170 1894 1273 1924 docet
1285 1893 1503 1932 Plutarchus,
1518 1901 1593 1923 cum
1610 1901 1672 1932 per

971 1944 1145 1982 Lupercos
1173 1943 1314 1983 capellae
1345 1946 1590 1980 mactarentur,
1614 1950 1670 1980 ge-

971 1993 1051 2024 mini
1070 1993 1305 2023 adolescentes
1321 1992 1478 2032 praeclari
1493 1992 1671 2031 sanguino-

971 2042 1062 2073 lento
1091 2042 1204 2082 gladio
1228 2041 1350 2072 faciem
1383 2040 1578 2079 foedabant;
1615 2040 1671 2071 alii

971 2092 1063 2123 illico
1091 2101 1166 2123 cum
1193 2093 1270 2122 lana
1292 2092 1382 2122 lacte
1403 2090 1539 2122 madida
1554 2100 1674 2122 accur-

971 2142 1106 2182 rebant,
1146 2146 1248 2183 atque
1279 2140 1472 2182 sanguinem
1503 2140 1674 2181 absterge-

970 2192 1064 2224 bant.

1014 2244 1055 2272 22
1097 2241 1191 2282 Quis]
1231 2241 1350 2280 Immo,
1378 2240 1406 2271 si
1436 2241 1540 2271 Festo
1574 2238 1672 2279 fides,

971 2301 1195 2332 quaecnmque
1213 2291 1427 2332 purgamenti
1438 2300 1540 2323 causa
1553 2290 1587 2321 in
1600 2290 1671 2331 qui-

971 2341 1099 2382 busque
1118 2341 1294 2372 sacrificiis
1306 2341 1509 2372 adhibentur
1519 2342 1528 2358 ‘
1539 2339 1671 2372 februa·

971 2393 1199 2432 appellantur.

1013 2444 1053 2472 23
1071 2442 1192 2481 Lictor]
1220 2442 1417 2472 Flaminium
1433 2440 1671 2479 intellige,hoc

970 2496 1035 2530 est,
1050 2500 1130 2521 eum
1155 2491 1197 2521 de
1219 2501 1283 2531 quo
1307 2491 1438 2529 Festus,
1462 2491 1519 2530 qui
1544 2489 1672 2521 flamini

970 2541 1077 2579 Diali,
1094 2550 1263 2571 sacrorum
1277 2550 1389 2579 causa,
1402 2545 1528 2580 praesto
1540 2544 1627 2572 erat.

1016 2590 1135 2629 Certis]
1166 2591 1269 2621 Tersis
1298 2591 1478 2631 legendnm
1503 2600 1576 2622 esse
1594 2601 1673 2623 con-

973 2640 1082 2671 tendit
1107 2641 1236 2671 claris-s.
1265 2641 1444 2679 Heinsius3
1475 2642 1541 2678 cui,
1567 2645 1606 2672 nt
1635 2645 1672 2673 et

972 2691 1198 2721 illustrissimo
1217 2692 1374 2730 Neapoli,
1385 2692 1565 2731 plurimum
1575 2691 1609 2722 in
1623 2691 1672 2722 his

972 2740 1098 2772 debere
1114 2751 1173 2771 nos
1189 2741 1334 2772 candide
1360 2741 1573 2773 confitemur.
1617 2741 1672 2772 De

972 2790 1074 2823 domo
1103 2795 1216 2823 autem
1247 2789 1390 2823 flaminis
1415 2790 1472 2824 hic
1502 2791 1570 2833 agi,
1593 2799 1670 2832 quae
