1773 3121
245 200 359 244 1778
730 210 773 241 P.
805 208 963 239 ovmn
995 207 1213 239 NAsoms

245 305 410 348 Lurida
432 304 614 346 solicitis
634 305 862 358 praebebat
882 305 1044 344 lumina
1062 304 1199 345 terriS.

247 375 377 428 Saepe
396 374 518 413 faces
536 373 646 413 visae
668 371 823 411 mediis
844 372 990 411 ardere
1013 372 1095 410 sub
1120 370 1248 411 astris
1268 384 1278 411 ε

248 443 380 495 Saepe
397 442 517 496 inter·
530 440 702 479 nimbos
723 444 856 490 guttae
881 439 1074 479 cecidere
1094 442 1303 479 cruentae.

248 508 451 549 Coerulus
473 512 514 547 et
532 508 695 547 vultum
719 507 928 558 ferrugine
952 507 1127 546 Lucifer
1147 511 1241 546 atra

248 575 434 628 Sparsus
456 582 570 615 erat:
602 574 742 626 sparsi
768 573 962 613 Lunares
984 574 1190 625 sanguine
1212 583 1380 612 currus.
1616 569 1702 611 790

247 640 412 682 Tristia
431 641 547 682 mille
564 641 674 681 locis
697 640 873 693 Stygius
895 639 1016 679 dedit
1037 641 1184 679 omina
1204 639 1346 678 bubo:

250 707 378 749 Mille
399 709 510 748 locis
532 708 796 761 lacrymavit
815 708 943 747 ebur:
976 712 1212 760 cantusque
1234 707 1422 745 feruntur

250 774 421 824 Auditi,
445 775 608 815 sanctis
628 779 669 815 et
690 775 824 814 verba
845 774 1034 813 minacia
1052 773 1181 813 lucis.

250 842 441 883 Victima
461 842 577 881 nulla
597 842 692 881 litat
709 854 718 881 ε
751 853 1017 892 magnosque
1038 841 1197 879 instare
1218 839 1430 880 tumultus

252 909 387 949 Fibra
407 912 580 957 monet3
613 919 862 958 caesumque
882 911 1017 958 caput
1036 906 1244 958 reperitur
1264 908 1306 945 in
1327 907 1460 946 extis.
1622 905 1708 946 795

252 976 390 1029 Inque
412 975 523 1024 soro,
547 975 799 1026 circumque
822 973 991 1022 domos,
1013 978 1054 1013 et
1074 973 1239 1026 templa
1264 974 1457 1013 Deorum

253 1042 505 1083 Noctumos
527 1041 722 1081 ululasse
744 1054 878 1081 canes
898 1054 908 1091 3
940 1041 1204 1092 umbrasque
1226 1040 1428 1081 silentum

252 1110 478 1151 Erravisse
499 1110 646 1157 ferunt,
667 1113 918 1162 motamque
938 1110 1192 1149 tremoribus
1217 1107 1392 1149 Urbem.

253 1177 362 1218 Non
381 1180 526 1217 tamen
546 1176 744 1225 insidias,
763 1179 1029 1228 venturaque
1050 1177 1223 1216 vincere
1243 1175 1336 1216 fata
1701 1211 1703 1213 ,

256 1245 551 1285 Praemonitus
570 1246 748 1296 potuere
771 1242 937 1283 Deum:
971 1241 1198 1295 strictique
1218 1242 1410 1282 feruntur
1626 1243 1712 1286 800

257 1311 308 1352 In
329 1311 538 1365 templum
559 1309 692 1365 gladii
710 1323 718 1351 :
750 1322 890 1364 neque
911 1310 1024 1352 enim
1043 1309 1166 1350 locus
1185 1308 1300 1350 ullus
1321 1309 1366 1349 in
1387 1307 1510 1350 Urbe

256 1422 345 1462 Sa’pe
359 1420 448 1459 faces
463 1421 690 1462 visaeflagrare
714 1421 767 1451 snb
791 1421 901 1452 mediis
915 1421 1078 1451 sideribus.
1111 1420 1201 1460 Soepe
1213 1422 1317 1458 guitoe
1337 1420 1515 1458 sanguinea·
1538 1419 1714 1451 ceciderunt
1767 1418 1769 1421 ’

254 1465 339 1494 inter
358 1464 478 1494 imbres.
522 1464 650 1501 Lucifer
665 1465 808 1493 coeruleus
835 1463 981 1500 infectam
999 1462 1126 1493 habebat
1145 1462 1264 1501 faciem
1278 1463 1369 1501 nigro
1385 1463 1502 1492 colore:
1525 1471 1632 1493 currus
1647 1463 1715 1493 Lu-

256 1516 346 1536 nares
361 1507 451 1536 iinctz'
475 1516 592 1536 cruore.
630 1506 720 1536 Bubo
737 1506 853 1543 feralis
868 1505 950 1543 fecit
976 1506 1131 1545 proesagz'a
1158 1506 1295 1535 luctuosa
1320 1505 1402 1535 mille
1427 1504 1519 1539 Iocis3
1540 1504 1624 1535 mille
1639 1505 1715 1536 locis

255 1549 331 1578 ebur
338 1548 432 1589 flevit
446 1559 456 1584 ‚·
479 1552 568 1588 atque
583 1552 691 1578 cantus
706 1551 736 1579 et
751 1558 836 1579 voces
851 1550 1003 1579 minantes
1017 1549 1162 1578 dicuntur
1178 1547 1294 1578 auditae
1309 1547 1343 1577 in
1366 1547 1464 1578 sacris
1487 1547 1570 1578 lucis.
1617 1547 1716 1579 Nulla

257 1592 357 1621 hostia
373 1592 445 1620 litat
460 1601 470 1627 ,·
492 1594 521 1620 et
537 1590 633 1631 fibrae
649 1594 805 1621 testantur
818 1591 957 1629 ingentes
971 1591 1121 1621 tumultus
1137 1591 1241 1620 adesse
1252 1601 1263 1626 ;
1286 1593 1376 1629 atque
1391 1593 1483 1629 caput
1495 1589 1652 1620 invenitur
1666 1589 1719 1620 ab·

257 1635 353 1663 latum
366 1633 399 1663 in
420 1632 512 1663 extis.
557 1632 678 1663 Dicunt
699 1643 788 1663 canes
802 1634 981 1672 noctivagos
995 1634 1124 1663 ululasse
1139 1632 1255 1662 circum
1270 1634 1373 1662 domos
1387 1637 1416 1663 et
1441 1633 1553 1671 templa
1568 1632 1718 1672 Deorum,

257 1679 346 1715 atque
365 1675 489 1705 umbras
505 1678 694 1705 mortuorum
709 1679 840 1714 vagatus
862 1685 937 1714 esse,
951 1679 982 1706 et
1002 1675 1116 1706 Urbem
1137 1684 1310 1705 concussam
1326 1678 1418 1705 terra>
1435 1674 1578 1705 motibus.
1623 1676 1718 1705 Atta-

258 1728 326 1748 men,
338 1718 496 1758 praesagia
512 1718 651 1748 Deorum
676 1727 735 1748 non
758 1722 926 1758 potuerunt
950 1727 1095 1757 superare
1113 1717 1187 1755 fata
1204 1716 1319 1754 futura
1341 1720 1372 1747 et
1399 1717 1530 1747 insidias
1537 1728 1549 1753 ,·
1575 1719 1606 1747 et
1631 1726 1717 1747 enses

259 1760 574 1800 evaginatiferuntur
589 1760 623 1790 in
642 1761 761 1791 aedem:
785 1770 878 1800 neque
898 1762 978 1792 enim
1000 1761 1078 1790 ullus
1092 1761 1174 1790 locus
1190 1759 1223 1790 in
1244 1759 1326 1790 Urbe
1337 1763 1455 1800 praeter
1474 1759 1603 1790 Curiam
1614 1760 1718 1799 placet

873 1834 1108 1847 eeeeeeeeeeee

260 1877 338 1908 dem
365 1876 448 1908 Cod.
479 1876 563 1907 Solis
589 1886 651 1915 pro
678 1869 911 1906 Phaebi.—792
935 1875 1019 1906 Cod.
1046 1876 1173 1915 Sprotii
1203 1877 1258 1907 loc.
1286 1877 1498 1916 lacrymantur
1521 1885 1612 1907 aves:
1635 1879 1718 1907 cant.

259 1920 330 1950 Pro
346 1922 484 1958 cantu-sq.
507 1918 763 1948 Brouckhusius
787 1918 934 1948 malebat
949 1918 1228 1957 planctusq.—793
1253 1919 1294 1947 V.
1310 1923 1343 1948 et
1357 1918 1475 1948 decem
1491 1919 1546 1948 alii
1572 1919 1654 1949 Aud.
1671 1928 1720 1949 sa-

259 1961 321 1991 cris
334 1964 376 1990 et.
421 1961 508 1990 Tum
522 1961 671 1990 Berolin.
689 1959 774 1990 verb.
790 1960 964 1990 minantia:
989 1964 1023 1989 et
1040 1969 1124 1989 unus
1140 1960 1228 1989 liber
1244 1959 1459 2000 sylvis-*797
1477 1960 1536 1990 Pr.
1551 1960 1719 1991 Twisden.

262 2004 449 2032 Nocturnas.
496 2002 554 2032 Pr.
585 2001 711 2032 Erfurt.
738 2007 773 2032 et
798 2001 892 2032 Med.
921 2001 1120 2032 chartaceus
1147 2001 1301 2041 umbrasq.
1327 2001 1571 2032 silentes—798
1594 2002 1719 2034 Urbin.

265 2044 440 2084 Erspaisse,
458 2043 577 2073 Heins-
595 2044 685 2085 conj.
711 2053 772 2084 pro
789 2044 938 2084 Erupisse
946 2042 1122 2080 fer.-—799
1146 2043 1255 2075 Gron.
1278 2053 1375 2082 unus,
1399 2049 1435 2074 et
1450 2044 1584 2075 Heinsii
1598 2048 1722 2076 noctur-

919 2127 1064 2160 NOTAE

265 2190 407 2222 Caesaris
424 2199 542 2221 necem
555 2191 673 2222 dicunt
687 2190 916 2222 denuntiasse.
1065 2191 1181 2231 Caput]
1206 2191 1350 2222 Pessimi
1366 2195 1440 2223 erat
1464 2191 1597 2232 ominis,
1622 2192 1650 2223 si
1668 2193 1724 2233 je-

305 2243 369 2272 790
395 2241 527 2281 Currus]
554 2241 623 2272 Pro
640 2241 714 2281 ipsa
730 2242 836 2272 Luna.
1020 2250 1093 2280 cur,
1119 2241 1209 2284 quod
1234 2252 1253 2272 a
1276 2241 1378 2273 corde
1394 2241 1634 2284 inspiciebant,
1648 2242 1722 2274 sine

305 2292 367 2321 791
385 2290 530 2331 Stygius]
548 2291 690 2330 Feralis,
707 2297 809 2332 atque
828 2290 964 2332 pessimi
1019 2290 1134 2330 capite
1153 2296 1211 2321 aut
1228 2300 1268 2321 eo
1285 2291 1462 2323 imminuto
1479 2295 1579 2323 esset.

265 2339 403 2372 ominis:
430 2342 514 2380 Styx
531 2351 675 2382 namque
699 2341 889 2373 Inferorum
907 2351 965 2382 pa·
1061 2343 1122 2372 797
1137 2341 1341 2381 Umbrasque]
1353 2341 1721 2373 Mon-tuorumanimas:

265 2391 328 2421 lus.
1020 2390 1063 2421 de
1080 2391 1199 2431 quibus
1215 2391 1383 2432 hodieque
1412 2391 1567 2432 plurimae
1583 2391 1724 2431 fabuiae,

307 2442 370 2470 792
406 2440 510 2480 Ebur]
545 2441 733 2472 Simulacra
756 2442 907 2472 Deorum
933 2450 965 2471 e·
1020 2441 1164 2472 maxime
1181 2441 1419 2473 aDoctoribus
1435 2441 1650 2482 quibusdam,
1666 2441 1724 2482 qui

266 2489 403 2521 burnea.
1022 2500 1062 2521 ea
1081 2490 1260 2530 proferunt
1277 2501 1351 2531 quae
1368 2501 1505 2531 prorsus
1534 2501 1598 2522 non
1624 2491 1725 2523 intel-

309 2541 372 2569 794
390 2539 500 2578 Nulla]
519 2539 558 2569 Id
576 2549 656 2570 vero
673 2540 798 2570 Caesari
816 2541 968 2571 evenisse
1022 2540 1150 2578 ligant:
1176 2544 1214 2569 ut
1235 2540 1394 2570 cautione
1421 2541 1566 2572 maxima
1580 2550 1664 2582 opus
1681 2541 1726 2572 sit

270 2598 335 2630 quo
358 2589 413 2619 die
439 2588 504 2620 fuit
523 2590 709 2620 trucidatus
734 2591 849 2621 ‚sm-ibit
867 2591 969 2620 Tran-
1023 2598 1097 2618 cum
1114 2587 1156 2617 de
1173 2588 1211 2617 iis
1228 2588 1349 2627 agitur.

269 2638 403 2679 quillus.
442 2639 580 2669 Introiit
597 2645 709 2669 tamen
724 2640 858 2670 Curiam
875 2649 968 2680 spre-
1065 2640 1124 2668 801
1166 2637 1336 2678 Templum]
1373 2638 1472 2671 Quod
1503 2638 1597 2670 curia
1623 2639 1724 2671 Pom-

271 2694 307 2719 ιιι
330 2688 503 2728 religione.
1023 2688 1104 2728 peii,
1134 2687 1192 2718 ubi
1228 2688 1373 2720 Senatus
1403 2688 1552 2720 habitus.
1611 2688 1724 2720 Curiae

314 2739 375 2769 795
400 2736 513 2777 fibra]
539 2737 762 2770 Victimarum
777 2742 868 2771 exta.
1022 2738 1110 2770 enim
1125 2739 1199 2770 loca
1223 2743 1322 2772 erant
1344 2739 1404 2772 ubi
1431 2749 1485 2772 res
1501 2738 1647 2783 publicae
1663 2748 1722 2772 seu
