1773 3121
207 256 319 300 1886
694 272 737 301 P.
770 271 930 301 ovinii
963 271 1181 302 NAsole

206 364 230 405 I
247 378 360 415 mea,
383 366 510 415 dixit,
531 366 643 415 avis,
665 380 717 407 ne
740 368 845 420 quid
864 368 940 421 pia
961 380 1089 409 sacra
1109 370 1310 415 moretur,

264 433 319 474 Et
340 438 506 474 tenuem
527 435 641 476 vivis
662 434 858 476 fontibus
880 435 984 475 affer
1005 448 1181 488 aquam.
1580 431 1666 473 250

205 499 373 540 Corvus
396 493 850 556 inauratumpedibus
872 506 1035 543 cratera
1054 502 1251 543 recurvis

260 568 410 618 Tollit,
429 572 473 609 et
493 568 655 609 aerium
676 570 874 622 pervolat
892 570 1004 609 altus
1021 569 1115 610 iter.

202 633 362 676 Stabat
384 636 525 676 adhuc
546 636 666 677 duris
684 637 793 677 ficus
813 636 1076 677 densissima
1098 635 1266 688 pomis:

258 702 417 744 Tentat
435 717 530 744 eam
549 707 689 745 rostro
709 717 718 744 z
750 717 836 744 non
857 708 948 744 erat
968 708 1074 756 apta
1093 704 1194 756 legi.

202 769 439 812 Immemor
459 772 629 825 imperii
651 772 814 812 sedisse
835 773 916 812 sub
939 772 1090 812 arbore
1109 772 1254 820 fertur,
1577 766 1663 808 255

258 839 378 878 Dum
396 838 546 878 fierent
565 837 694 877 tarda
714 837 863 877 dulcia
883 850 1019 890 poma
1042 850 1174 878 mora.

200 903 307 944 Inde
328 909 447 945 satur
463 906 593 957 nigris
611 906 787 956 longum
806 904 923 956 rapit
945 905 1160 956 unguibus
1181 904 1390 957 hydrum3

257 969 328 1012 Ad
351 972 661 1024 dominumque
684 971 819 1021 redit3
852 970 1040 1024 fictaque
1062 971 1194 1011 verba
1213 970 1368 1012 refert:

200 1036 290 1079 Hic
310 1038 415 1078 mihi
436 1051 573 1079 causa
593 1051 745 1087 morae,
768 1038 967 1078 vivarum
988 1038 1195 1079 obsessor
1217 1050 1430 1092 aquarum
1449 1050 1458 1078 :

257 1105 347 1146 Hic
367 1107 506 1146 tenuit
524 1106 664 1146 fontes
687 1105 967 1159 officiumque
985 1118 1142 1147 meum.
1573 1104 1660 1147 260

197 1171 354 1222 Addis,
376 1173 450 1222 ait,
472 1173 618 1225 culpae
639 1173 880 1222 mendacia,
903 1173 1134 1213 Phoebus?
1167 1177 1209 1214 et
1230 1172 1369 1214 audes

255 1239 502 1279 Fatidicum
524 1239 670 1279 verbis
690 1239 840 1279 fallere
859 1239 975 1279 velle
998 1239 1172 1280 Deum?

187 1365 299 1404 sabula
314 1368 421 1396 nostra
435 1376 496 1396 non
511 1365 564 1395 (liu
579 1364 740 1396 detinebit.
787 1365 849 1403 Ito,
873 1365 988 1404 inquit,
1014 1374 1082 1395 mea
1107 1364 1250 1404 volucris,
1278 1374 1315 1396 ne
1330 1363 1405 1405 quid
1430 1364 1578 1405 impediat
1599 1366 1655 1407 pia

193 1418 292 1447 sacra,
314 1412 406 1448 atque
418 1412 489 1447 pete
503 1409 628 1446 paulum
643 1417 729 1447 aquoe
744 1417 784 1437 ex
807 1408 886 1438 vivis
901 1407 1057 1445 fontibus.
1105 1407 1222 1437 Corvus
1236 1407 1338 1444 aufert
1353 1411 1505 1439 craterem
1529 1408 1654 1440 inaura-

193 1454 260 1481 tum
272 1451 400 1491 pedibus
415 1451 553 1487 aduncis,
579 1453 610 1481 et
633 1450 767 1479 excelsus
787 1449 942 1488 percurrit
967 1450 1028 1479 iter
1050 1449 1178 1479 a'e'rz'um.
1226 1449 1320 1480 Ficus
1341 1450 1527 1489 spississima
1550 1451 1654 1482 stabat

190 1494 308 1531 grossis
337 1493 434 1524 adhuc
463 1494 559 1523 (luris.
608 1492 720 1522 Tentat
735 1491 837 1531 ficum
862 1494 974 1529 rostro,
1011 1501 1070 1521 ‘non
1095 1494 1164 1521 erat
1189 1495 1264 1530 apta
1287 1492 1360 1530 legi.
1419 1493 1542 1524 Oblitus
1568 1503 1654 1525 nian-

192 1535 387 1566 datz'dicitur
397 1535 568 1565 constitisse
580 1534 635 1564 sub
649 1534 768 1571 arbore,
782 1535 875 1565 donec
890 1533 1145 1574 fructusfierent
1169 1534 1261 1564 mites
1285 1535 1374 1572 longo
1397 1535 1510 1574 spatio.
1563 1536 1654 1567 Jam-

191 1587 248 1617 que
269 1578 377 1618 plenus
399 1578 481 1608 tollit
504 1577 584 1608 atris
608 1577 758 1616 unguibus
773 1578 896 1614 longum
919 1577 1062 1617 hydrum,
1084 1580 1175 1616 atque
1189 1576 1359 1607 revertitur
1374 1577 1414 1607 ad
1428 1576 1596 1617 dominum,
1621 1582 1654 1610 et

190 1621 294 1651 reddit
311 1621 414 1658 falsas
428 1630 529 1651 voces:
553 1620 619 1651 Hic
642 1622 742 1650 custos
766 1619 905 1650 vivarum
929 1629 1079 1659 aquarum
1102 1618 1168 1649 fuit
1184 1619 1260 1649 mihi
1283 1629 1377 1650 causa
1398 1621 1561 1651 cunctandi
1569 1631 1580 1651 .-
1601 1620 1652 1652 hic

191 1664 348 1703 occupavit
365 1663 473 1702 fontes
487 1666 518 1693 et
544 1663 674 1704 qfficium
691 1672 799 1693 meum.
844 1662 980 1693 Phoebus
995 1661 1112 1701 inquit,
1127 1662 1272 1692 Cumulas
1283 1661 1450 1702 flagitium
1466 1660 1624 1694 mendacio
1635 1661 1652 1695 Σ)

183 1716 285 1746 ,neque
301 1706 415 1737 vereris
431 1707 505 1737 velle
529 1705 683 1746 imponere
706 1704 895 1736 sermonibus
911 1705 979 1736 Deo
993 1702 1155 1743 fatidico?
1199 1704 1245 1736 At
1261 1705 1332 1736 dum
1346 1714 1474 1744 grossus
1487 1705 1604 1737 lactens
1618 1709 1651 1737 et

805 1787 920 1798 ‘eoem
924 1787 1037 1798 eomo-

187 1847 252 1886 pz'a,
266 1846 333 1877 dix.
369 1846 457 1876 Dein
472 1846 562 1877 Maz.
578 1855 616 1877 ne
631 1845 705 1885 quid
719 1845 784 1876 sine
797 1855 876 1876 sacr.
895 1849 961 1875 tres
979 1854 1045 1876 mea
1059 1854 1140 1876 sacr.
1171 1845 1217 1876 Et
1243 1845 1322 1876 Pet.
1339 1844 1436 1876 Cant.
1453 1847 1490 1876 et
1510 1843 1648 1887 plurimi

189 1890 245 1920 alii
263 1893 441 1925 mouentum
477 1894 511 1919 et
528 1889 576 1919 sic
604 1888 660 1919 Fr.
685 1897 760 1919 cum
784 1890 918 1918 moretur
942 1896 1002 1926 pro
1021 1897 1091 1918 var.
1108 1888 1296 1919 lect—250
1320 1887 1421 1918 Voss.
1436 1887 1517 1919 Jun.
1533 1887 1596 1918 Be.
1610 1891 1647 1918 et

189 1932 323 1972 quidam
339 1932 394 1962 alii
412 1941 488 1962 cum
505 1930 707 1971 quibusdam
724 1929 825 1960 editis
850 1932 913 1959 ten.
937 1939 952 1959 e
974 1930 1036 1959 viv.
1082 1930 1128 1960 Et
1143 1930 1175 1959 in
1192 1930 1281 1960 Maz.
1298 1929 1465 1966 eratfont.
1480 1929 1570 1966 aufer
1596 1939 1645 1969 aq.

187 1977 293 2005 —252
316 1974 376 2004 Pr.
407 1974 448 2004 V.
477 1978 511 2003 et
528 1973 593 2003 dno
620 1973 676 2002 alii
700 1975 730 2002 et
755 1971 919 2001 oetherium
939 1974 1136 2010 pera—256
1159 1972 1236 2001 Dno
1250 1971 1327 2001 libri
1344 1971 1436 2010 longa
1461 1980 1524 2011 pro
1541 1971 1646 2003 tarda.

188 2016 234 2046 Et
252 2026 335 2046 nnus
359 2016 436 2046 Par.
453 2021 521 2055 opt.
535 2020 624 2045 notae
637 2014 727 2044 mitia
736 2023 818 2053 pom.
835 2014 1000 2052 Excerpt.
1016 2014 1063 2044 D.
1082 2018 1117 2043 et
1133 2013 1217 2044 Cod.
1235 2014 1274 2044 P.
1290 2013 1406 2052 mollia,
1423 2013 1512 2054 quod
1527 2013 1644 2045 Burm.

187 2058 327 2095 arridet,
349 2058 427 2097 quia
443 2057 570 2088 rectius
599 2057 686 2087 dura
714 2060 933 2096 opponuntur
957 2055 1112 2086 mollibus
1139 2065 1238 2096 quam
1265 2055 1540 2086 dulcibus.—257
1565 2055 1645 2087 Inde

187 2100 307 2131 Heins.
324 2100 456 2139 recepit
469 2109 511 2130 ex
522 2100 577 2130 Sa.
594 2109 654 2139 pro
668 2099 756 2137 vulg.
768 2099 910 2137 Jamque.
935 2097 1070 2128 Deinde
1083 2098 1200 2128 Burni.
1216 2098 1328 2128 mallet
1341 2097 1444 2137 pigris
1457 2107 1515 2138 pro
1527 2097 1644 2139 nigris,

187 2148 225 2172 nt
242 2142 360 2173 Heius.
376 2142 453 2171 olim
468 2143 673 2181 conjecerat.
698 2141 752 2171 Fr.
776 2141 860 2179 long.
883 2141 967 2179 nr'gr.
983 2140 1115 2171 inverso
1132 2141 1257 2171 ordine.
1296 2140 1392 2171 Unus
1419 2141 1523 2171 etiam
1552 2141 1642 2173 Mor.

185 2185 595 2224 longam...hydrmn.—258
619 2183 722 2213 Multi
743 2183 825 2213 editi
851 2183 902 2212 Ad
927 2183 1041 2213 domin.
1066 2183 1178 2214 rediit.-
1204 2183 1391 2222 Hamburg.
1425 2183 1471 2213 Et
1494 2183 1578 2214 redit
1601 2185 1642 2214 ad

185 2228 350 2258 dominum.
376 2226 563 2256 Burmanni
581 2226 763 2256 lectionem
782 2225 945 2264 Neapolis
962 2226 1104 2265 protulit
1121 2235 1164 2256 ex
1183 2230 1250 2257 vet.
1267 2226 1352 2257 Cod.
1368 2226 1456 2257 De‘m
1473 2226 1640 2266 Excerpt.

185 2268 504 2308 D.sactaque.»-262
529 2269 597 2298 Pro
614 2267 712 2298 verbis
728 2268 818 2298 Maz.
834 2268 954 2303 versis‚·
976 2272 1012 2298 et
1031 2267 1111 2298 veris
1127 2268 1319 2308 Hamburg.
1336 2268 1440 2308 Puto,
1451 2269 1517 2299 veri
1528 2278 1538 2298 .-
1561 2277 1639 2299 nam

183 2322 236 2343 ver
266 2317 341 2342 erat
366 2312 537 2351 integrum
553 2321 573 2341 a
589 2320 689 2341 manu
719 2310 838 2351 prima,
863 2315 901 2341 ut
927 2311 1014 2341 Met.
1040 2319 1108 2341 xu.
1137 2313 1189 2342 18.
1214 2313 1222 2328 ‘
1242 2311 1313 2342 veri
1340 2310 1504 2352 providus
1530 2320 1639 2352 augur

836 2407 978 2439 NOTAE

224 2479 287 2507 249
298 2476 384 2516 Mea]
398 2477 437 2507 In
452 2478 557 2509 tutela
570 2477 738 2518 Apollinis
749 2479 878 2510 Corvus
933 2476 1007 2508 fere
1022 2477 1149 2514 evenit,
1164 2477 1263 2508 arbor
1276 2481 1351 2507 erat
1367 2479 1500 2508 onusta.

181 2530 322 2568 propter
339 2527 495 2565 angui-im
519 2528 574 2567 qni
595 2529 673 2558 oliin
706 2528 813 2565 albus,
844 2533 879 2559 at
975 2529 1037 2557 254
1050 2527 1149 2566 Apta]
1173 2527 1262 2558 Quia
1277 2525 1410 2557 fructus
1423 2526 1635 2559 immaturus.

181 2577 276 2616 niger
288 2575 398 2606 factus
416 2577 590 2607 Coronidis
617 2578 768 2607 revelato
785 2577 878 2608 adul·
974 2580 1035 2608 255
1062 2576 1206 2616 Imperii]
1237 2575 1406 2616 Apollinei
1425 2577 1590 2609 mandati.

181 2626 343 2663 terio‚uti
358 2626 484 2656 dictum
500 2626 531 2656 in
549 2627 692 2657 Metam.
973 2629 1035 2657 257
1069 2625 1229 2666 Hydram]
1268 2626 1344 2656 Non
1375 2630 1504 2658 temere
1532 2628 1632 2669 hujus

223 2679 286 2708 250
313 2675 414 2715 Vivis]
443 2676 724 2706 scaturientibus.
932 2677 1062 2715 generis
1089 2686 1232 2715 anguem
1261 2676 1359 2716 dixit,
1389 2677 1444 2708 cui
1474 2677 1516 2709 ab
1543 2687 1632 2721 aqua

221 2729 282 2757 251
313 2725 475 2765 Bet-urvis]
505 2727 641 2757 Scilicet
665 2726 793 2757 Corvus
817 2737 875 2758 un·
930 2725 1046 2757 datum
1062 2736 1194 2757 nornen.

181 2776 300 2818 guibus
317 2777 495 2807 Craterem
513 2776 748 2816 apprehendit.
971 2779 1031 2807 261
1056 2776 1129 2816 Ait]
1161 2776 1323 2818 Phoebus,
1337 2777 1482 2809 scilicet.

222 2829 283 2857 253
307 2825 516 2866 Densis-eima]
553 2826 672 2857 Multis
699 2826 817 2868 pomis,
839 2831 877 2859 ut
971 2829 1033 2858 262
1080 2827 1272 2868 Fatidicum]
1332 2827 1501 2869 Apollinis
1538 2829 1627 2861 enim
