1773 3121
525 245 790 276 FAsToRuM
825 245 923 275 LIB.
955 245 1023 275 lv,

1389 237 1502 280 2013

37 335 174 380 Venit
194 336 437 380 Aventinus
458 342 564 391 post
582 337 691 378 hos:
723 337 849 377 locus
868 337 984 378 unde
1005 343 1204 390 vocatus,

95 404 231 447 Mons
253 417 440 460 quoque.

500 403 615 444 Post
634 403 758 444 illum
776 405 937 447 tradita
958 419 1090 460 regna
1108 408 1280 451 Procae.

40 471 186 523 Quem
205 473 404 526 sequitur
425 470 508 512 diri
532 469 741 511 Numitor
761 484 990 524 germanus
1011 473 1177 516 Amuli.

96 540 183 581 llia
203 553 302 581 cum
323 539 471 580 Lauso
493 537 547 578 de
571 537 804 579 Numitore
825 540 924 581 sati.

38 606 156 648 Ense
179 607 295 649 eadit
313 610 468 661 patruo
491 605 692 647 Lausus:
725 608 874 660 placet
895 607 982 649 Ilia
1002 607 1165 660 Marti3
1444 610 1500 650 55

91 673 243 728 Teque
262 675 392 729 parit,
414 674 586 726 gemino
602 674 756 728 juncte
778 674 962 725 Quirine
984 675 1143 717 Remo.

35 741 118 782 Ille
137 754 244 783 suos
263 754 436 795 semper
457 741 680 782 Venerem
704 741 983 797 Martemque
1003 746 1205 797 parentes

94 809 246 851 Dixit:
277 814 319 852 et
340 809 522 850 emeruit
542 810 667 851 vocis
687 810 849 852 habere
869 810 1017 852 fidem.

34 877 161 919 Neve
184 878 377 920 secuturi
398 881 577 932 possent
603 879 772 919 nescire
791 882 1002 933 nepotes;

88 944 308 999 Tempora
330 945 414 986 Dis
437 946 604 998 generis
626 947 881 987 continuata
900 945 1040 986 dedit.

35 1011 123 1053 Sed
142 1012 337 1054 Veneris
359 1026 549 1054 mensem
571 1013 708 1055 Graio
729 1026 923 1054 sermone
942 1016 1143 1054 notatum

91 1078 317 1132 Auguror:
349 1093 376 1121 a
398 1081 569 1134 spumis
594 1085 661 1121 est
683 1081 781 1122 Dea
802 1081 919 1122 dicta
939 1081 1087 1121 maris.

30 1194 204 1226 Aventinus
216 1195 392 1226 subsecutus
407 1199 451 1226 est
467 1195 532 1234 hos,
547 1205 586 1225 ex
601 1206 657 1236 qun
680 1197 764 1227 locus
778 1196 880 1226 dictus
908 1198 1000 1234 atque
1030 1193 1126 1225 collis.
1171 1193 1342 1234 Imperium
1357 1196 1497 1227 commis-

29 1246 97 1268 sum
113 1237 224 1269 Procae
239 1238 359 1268 abillo.
406 1238 506 1272 Quem
531 1238 680 1268 Numitor
693 1238 801 1276 frater·
827 1236 962 1268 crudetis
985 1235 1106 1266 Amulii
1130 1236 1279 1276 sequitur.
1329 1237 1390 1268 Ilia
1405 1241 1498 1278 atque

30 1278 150 1310 lausus
163 1280 225 1310 orti
251 1290 291 1310 ex
317 1280 495 1310 Numitore.
540 1279 662 1310 Lausus
687 1284 845 1321 peremtus
873 1281 919 1310 est
943 1278 1049 1318 gladio
1074 1278 1193 1317 patrui.
1240 1278 1303 1310 Ilia
1325 1283 1423 1319 grata
1450 1285 1495 1312 est

30 1321 147 1360 Marti,
166 1325 258 1361 atque
273 1325 304 1352 te
321 1322 466 1362 enititur,
486 1321 619 1357 Quirine
626 1323 740 1361 juncte
758 1323 854 1354 Remo
866 1321 1010 1362 gemello.
1051 1321 1110 1352 Ille
1125 1321 1259 1352 asseruit
1274 1332 1395 1363 semper
1408 1323 1498 1354 Mar-

27 1368 91 1396 tem
104 1367 197 1404 atque
217 1363 363 1395 Venerem
376 1368 521 1405 parentes
535 1375 605 1395 suos
618 1375 628 1401 ,·
651 1369 743 1406 atque
753 1366 881 1396 emeruit
894 1364 1004 1395 habere
1010 1363 1110 1412 fidem
1123 1364 1214 1395 vocis.
1259 1365 1304 1395 Et
1320 1375 1358 1396 ne
1371 1369 1497 1407 nepotes

28 1407 151 1438 menri
163 1410 284 1447 possent
300 1407 458 1446 ignorare,
472 1408 558 1439 dedit
573 1411 711 1448 tempora
718 1409 831 1447 juncta
845 1407 918 1438 Diis
928 1409 1044 1446 gentas.
1096 1406 1209 1437 Verum
1221 1407 1349 1446 conjicio
1363 1418 1497 1440 mensem

35 1448 163 1481 Veneris
181 1449 342 1489 signatum
361 1459 499 1481 sermone
529 1450 642 1481 Groeco
655 1462 664 1480 :
690 1451 759 1481 Dea
775 1454 820 1481 est
843 1451 1000 1490 appellata
1013 1459 1032 1479 a
1046 1449 1162 1488 spumis
1176 1449 1284 1480 maris.
1331 1450 1438 1491 Neque
1453 1452 1496 1482 sit

652 1537 883 1549 eeeeeeeeeeee

31 1591 151 1624 Heius.
175 1591 262 1632 conj.
278 1591 510 1631 ferocem—51
537 1591 607 1622 Pro
634 1594 715 1623 Iocus
732 1600 815 1621 unus
843 1591 961 1622 Heius.
989 1592 1076 1623 Mor.
1102 1597 1136 1624 et
1151 1593 1298 1634 quinque
1317 1593 1373 1625 alii
1389 1595 1494 1631 lacus,-

30 1641 66 1666 ιιι
85 1635 146 1666 Be.
163 1640 198 1665 et
215 1643 274 1665 sex
293 1634 347 1664 alii
365 1634 450 1665 iude.-
477 1634 531 1665 Fr.
549 1636 632 1665 lacus
648 1636 727 1665 inde.
775 1634 840 1664 Alii
863 1635 964 1665 etiam
993 1635 1114 1675 scripti
1142 1640 1177 1666 et
1201 1636 1286 1667 editi
1312 1640 1494 1669 vocatur.—

29 1681 70 1709 53
98 1678 152 1709 Fr.
168 1688 229 1717 seq.
255 1677 326 1707 duri
345 1677 388 1708 Ν.
411 1682 446 1707 et
473 1677 520 1708 sic
537 1677 673 1718 plurimi
702 1675 855 1707 alit—54
881 1677 937 1707 Fr.
968 1677 1010 1708 Ν.
1035 1682 1201 1709 mum—55
1228 1679 1347 1710 Palruo
1373 1685 1428 1712 est
1450 1691 1493 1712 ex

32 1720 152 1752 Heius.
169 1729 257 1751 corr.
274 1720 364 1757 vulg.
387 1720 517 1759 patrui,·
541 1725 576 1750 et
593 1720 671 1750 Pet.
689 1719 777 1750 alter
800 1719 1003 1759 patria—59
1026 1720 1126 1751 Alter
1143 1721 1230 1752 Mor.
1248 1731 1308 1762 pro
1327 1732 1396 1754 var.
1415 1724 1494 1755 lect.

29 1773 106 1796 neec.
123 1763 352 1794 minorem—60
374 1762 456 1793 Tres
473 1762 591 1802 scripti
611 1763 717 1802 Temp.
740 1762 784 1791 sic
806 1772 878 1801 geu.
904 1763 991 1794 alter
1008 1763 1096 1794 Maz.
1118 1763 1163 1794 sic
1176 1765 1361 1803 genet—61
1390 1766 1495 1798 Multi

694 1861 833 1892 NOTAE

72 1936 112 1964 45
139 1933 307 1974 Recidit-a]
332 1933 567 1973 Resurgentia.
605 1934 733 1965 Habui-
788 1944 878 1966 mum
898 1935 1148 1977 Romulumque
1167 1936 1240 1976 jam
1265 1936 1390 1976 saepius
1409 1936 1495 1968 dixi-

28 1992 102 2015 mus
118 1992 263 2024 namque
281 1992 382 2024 supra
411 1984 530 2024 Capyn
547 1983 580 2015 in
598 1984 733 2025 regibus
788 1995 873 2017 mus,

28 2032 195 2074 Trojanis.
831 2038 873 2066 56
892 2035 1040 2076 Quirine]
1060 2035 1223 2067 Romulus
1240 2039 1291 2067 est
1305 2045 1346 2067 eo
1359 2037 1494 2068 nomiue

71 2085 114 2115 48
151 2083 292 2124 ΤΙιωι-ω]
330 2083 455 2124 Tybris
494 2085 582 2116 enim
612 2083 732 2116 fluvius

27 2132 179 2166 'l'husciae
195 2143 255 2166 seu
272 2134 459 2166 Hetruriae.

69 2187 112 2216 ⁴9
133 2185 316 2229 Agrippan]
364 2184 519 2217 Acrotan
545 2186 732 2227 appellavit

26 2233 61 2266 in
74 2234 218 2267 Metam.
243 2244 317 2266 xiv.
335 2238 409 2267 617.

71 2285 113 2315 ⁶1
134 2284 247 2325 Locus]
276 2284 313 2315 [n
330 2294 398 2326 quo
414 2289 450 2316 et
466 2284 630 2325 sepultus.

69 2338 110 2367 58
134 2336 226 2377 Diri]
249 2337 337 2370 Quia
356 2337 571 2368 Numitorem
589 2335 729 2367 fratrem

4 2386 186 2427 ‚majorem
212 2392 306 2427 natu,
333 2388 387 2418 cui
417 2392 587 2418 vetustum
604 2387 729 2427 Sylviae

9 2432 12 2435 ’
28 2436 138 2477 gentis
154 2446 292 2478 regnum
309 2447 327 2468 a
343 2443 440 2478 patre
465 2438 628 2477 legatum,
647 2437 678 2468 vi
695 2442 730 2468 et

27 2483 114 2519 dous
131 2488 216 2519 solio
243 2487 454 2526 deturbavit,
481 2496 681 2528 omnemque
697 2497 730 2518 e-

21 2535 78 2576 )ιι
91 2537 233 2579 stirpem
259 2539 472 2577 exscindere,
489 2538 551 2568 nisi
572 2538 731 2570 Romulus

28 2582 226 2627 obstiti-aet,
243 2598 306 2619 uon
324 2589 507 2620 dubitavit.

72 2638 113 2667 u
138 2636 216 2677 uia]
252 2638 348 2670 Remi
378 2639 582 2680 Romulique
610 2644 731 2680 mater,

30 2682 126 2715 mm
141 2685 278 2726 insuper
293 2694 394 2728 atque
409 2689 527 2729 Sylvia
540 2689 643 2720 dicta.

74 2735 194 2775 [anno]
208 2735 364 2777 Ege-tus
378 2739 502 2771 dicitur
517 2750 536 2771 s
555 2741 730 2782 Dionysio.

73 2789 113 2816 55
150 2785 276 2827 Placet]
309 2786 423 2830 Atque
449 2790 528 2823 hinc
550 2795 641 2825 uto·
665 2792 733 2825 Re-

789 2091 865 2126 post
882 2085 954 2118 fata
971 2086 1176 2127 appellatus.

829 2139 871 2167 57
897 2136 1062 2176 Parentes]
1088 2136 1191 2169 Patet
1217 2146 1297 2168 vero
1323 2136 1427 2169 fuisse
1449 2147 1493 2169 ex

787 2186 888 2217 modo
915 2187 1024 2218 relata
1049 2187 1152 2219 serie:
1189 2187 1270 2219 ficta
1294 2193 1426 2220 tantum
1448 2198 1492 2220 ne

787 2241 886 2268 esset.

828 2290 870 2317 58
912 2288 1069 2328 Emeruit]
1108 2287 1185 2319 Diis
1217 2287 1344 2329 quippe
1379 2293 1490 2319 satum

786 2336 922 2368 Romuli
940 2338 1045 2369 virtus
1061 2338 1176 2369 suasit.

827 2390 869 2418 60
895 2388 1100 2428 continuata]
1124 2387 1231 2418 Marti
1247 2386 1383 2428 quidem
1399 2387 1491 2419 Mar-

785 2439 867 2469 tium
894 2440 1037 2479 primum
1066 2448 1228 2478 mensem,
1254 2438 1383 2469 Veneri
1408 2439 1492 2470 alte-

786 2499 858 2520 rum
875 2488 1042 2530 Aprilem,
1057 2488 1282 2520 consecravit.

827 2542 866 2570 61
895 2539 1009 2580 Graio]
1041 2540 1174 2570 Gra-eo.
1209 2538 1404 2570 Macrobius
1433 2539 1492 2569 Sa-

787 2590 971 2621 turnalium
1001 2589 1122 2629 primo,
1146 2588 1188 2619 de
1218 2588 1381 2619 Romulo:
1404 2589 1413 2604 ‘
1430 2588 1490 2618 Se-

784 2640 931 2673 cundum
959 2650 1108 2672 mensem
1136 2639 1321 2670 nominavit
1337 2638 1490 2678 Aprilem,

784 2692 878 2734 quasi
895 2692 1069 2733 Aphrilem,
1084 2701 1102 2722 a
1117 2700 1248 2732 spuma,
1260 2698 1358 2730 quam
1372 2688 1488 2718 Gru-ci

784 2741 882 2782 ἀφρὸν
896 2748 1033 2780 vocant,
1048 2741 1137 2772 unde
1154 2745 1229 2770 ortu
1248 2739 1362 2768 venun
1379 2736 1490 2768 credi·

786 2797 861 2827 tur:
885 2797 922 2826 et
936 2793 1023 2825 lianc
1047 2790 1186 2824 Romuli
1207 2787 1310 2820 fuine
1333 2792 1487 2820 asuerum
