1773 3121
218 218 331 261 1988
710 234 751 263 P.
785 233 943 264 ovmn
976 232 1189 264 NAsoNJs

220 325 330 367 Nox
348 329 462 367 erat:
493 330 592 367 ante
612 330 752 368 torum
772 328 872 370 visa
890 332 956 368 est
975 332 1117 369 astare
1139 329 1319 379 sororiS‚

276 393 506 446 Squalenti
530 393 651 433 Dido
673 396 1001 446 sanguinolenta
1020 408 1148 435 coma
1170 409 1180 446 ;
1587 397 1673 438 640

219 462 293 512 Et,
317 461 449 514 Fuge,
471 473 526 501 ne
548 461 716 510 dubita,
737 467 956 512 moestum,
977 462 1090 514 fuge,
1108 462 1268 512 dicere,
1285 465 1463 504 tectum.

279 530 372 570 Sub
391 530 567 570 verbum
590 529 794 582 querulas
814 530 984 583 impulit
1005 543 1110 570 aura
1131 529 1261 570 fores.

220 597 409 647 Exsilit3
440 599 480 636 et.
498 596 629 637 velox
649 597 800 637 humili
821 611 953 650 super
972 610 1075 638 arva
1096 597 1280 638 fenestra

279 664 336 704 Se
360 663 484 716 jacit.
542 661 768 704 Audacem
789 665 950 705 fecerat
966 666 1063 718 ipse
1083 666 1224 705 timor.

223 732 412 783 Quaque
433 734 550 769 metu
573 731 752 782 rapitur,
776 732 922 771 tunica
940 732 1089 772 velata
1116 733 1320 781 recincta,
1591 731 1678 772 645

282 798 440 847 Currit,
462 801 508 836 ut
527 797 685 836 auditis
706 798 854 836 territa
873 798 1004 837 dama
1030 798 1164 850 lupis.

223 866 434 916 Corniger
452 863 566 902 hanc
588 862 762 914 cupidis
782 863 980 914 rapuisse
1004 863 1238 904 Numicius
1256 865 1386 906 undis

280 930 497 977 Creditur,
516 932 559 968 et
578 928 744 979 stagnis
767 929 1015 968 occuluisse
1035 930 1140 969 suis.

224 997 402 1038 Sidonis
424 997 589 1036 interea
608 1007 763 1047 magno
784 995 973 1035 clamore
993 1009 1067 1048 per
1089 1008 1217 1048 agros
1422 1045 1426 1047 ‚

282 1063 521 1114 Quaeritur.
581 1061 812 1115 Appareut
834 1064 960 1115 signa
978 1068 1182 1117 notaeque
1200 1063 1374 1116 pedum.
1594 1063 1678 1105 650

224 1131 415 1172 Ventum
444 1133 537 1170 erat
557 1130 614 1170 ad
633 1131 753 1182 ripas
772 1144 781 1170 :
813 1131 980 1172 inerant
1001 1132 1187 1183 vestigia
1205 1131 1325 1184 ripis.

282 1196 504 1238 Sustinuit
524 1197 679 1236 tacitas
701 1197 908 1237 conscius
931 1198 1073 1237 amnis
1091 1211 1248 1250 aquas.

222 1308 343 1348 capillis
345 1306 454 1346 soedis,
473 1307 541 1337 visa
554 1309 598 1336 est
614 1307 717 1337 adesse
731 1307 829 1337 sorori
846 1310 915 1337 ante
929 1308 1049 1345 lectum,
1075 1310 1166 1346 atque
1180 1308 1292 1346 (licere,
1319 1306 1405 1345 Vita,
1421 1315 1458 1336 ne
1469 1306 1598 1345 haereas,
1611 1306 1679 1337 vita

223 1353 343 1382 tristem
356 1351 487 1380 domum.
538 1349 654 1379 Ventus
669 1349 805 1387 agitarit
818 1350 949 1387 januam
970 1351 1164 1387 stridentem,
1179 1350 1233 1379 sub
1250 1350 1356 1389 ipsam
1371 1359 1482 1379 vocem.
1532 1349 1677 1379 Prorum-

220 1393 291 1433 pit:
316 1395 346 1424 et
374 1393 514 1422 celeriter
532 1400 564 1420 se
583 1391 683 1420 mittit
697 1392 730 1420 in
744 1401 882 1430 campum
898 1402 937 1421 ex
953 1393 1094 1429 depressa
1101 1392 1260 1427 fenestra:
1284 1391 1348 1430 ipse
1369 1401 1464 1430 paror
1478 1390 1598 1428 fecerat
1625 1401 1679 1421 (ιιι-

223 1437 353 1466 (lentem.
399 1434 444 1463 Et
469 1435 550 1463 tecta
574 1432 678 1462 tunica
692 1432 838 1471 recincta,
844 1432 935 1470 fucrit
951 1443 1009 1472 qua
1024 1433 1187 1462 abstr«1h·⁴=
1181 1443 1216 1463 ur
1234 1433 1342 1463 timore
1357 1433 1449 1462 sicuti
1463 1434 1553 1463 dama
1568 1436 1678 1463 treme-

218 1475 399 1515 tkzctcilupis
413 1476 539 1505 auditis.
586 1474 751 1504 Numicius
764 1474 906 1513 corni-ger
921 1476 1059 1505 creditur
1082 1475 1241 1505 abstulisse
1266 1475 1343 1505 Ιιαηε
1356 1474 1510 1515 fliectibus
1523 1473 1680 1511 fervidis:

222 1523 313 1558 utque
341 1517 493 1548 abdidisse
521 1516 585 1547 suis
602 1517 791 1555 gurgitibus.
839 1518 963 1548 Interea
993 1517 1117 1547 Sidonis
1145 1517 1295 1557 quaeritur
1321 1517 1442 1556 ingenti
1466 1517 1595 1547 clamore
1622 1526 1680 1557 per

223 1570 365 1601 campos:
387 1560 519 1608 vestigicr
548 1562 637 1599 atque
660 1559 775 1589 indicia
802 1561 912 1599 pedum
941 1563 1116 1590 cernuntur.
1160 1561 1362 1591 Accesserant
1391 1561 1432 1590 ad
1453 1559 1555 1599 ripas:
1589 1558 1680 1598 signa

224 1605 374 1644 impressu
384 1606 471 1633 erant
487 1602 585 1643 ripis:
601 1602 721 1642 fluvius
734 1603 870 1633 conscius
884 1603 1029 1642 vwepressit
1045 1612 1141 1642 aquas
1154 1604 1290 1634 silentes.
1337 1603 1409 1642 Ipsa
1424 1602 1491 1633 visa
1505 1605 1552 1633 est
1567 1601 1680 1643 dicere,

836 1697 1068 1708 -aem-evmaeseaee

226 1757 289 1785 639
313 1752 416 1784 Liber
433 1752 547 1784 Ursin.
572 1756 607 1783 et
632 1752 698 1782 duo
715 1752 770 1782 alii
787 1754 857 1782 ante
873 1752 972 1782 oculos
994 1752 1070 1782 risa.
1118 1751 1199 1782 Mox
1231 1752 1310 1781 Pet.
1341 1760 1425 1782 unus
1455 1751 1565 1790 sorori,
1587 1750 1680 1791 quod

225 1806 291 1826 nnn
323 1795 424 1827 facile
454 1795 618 1835 abjecerit
644 1796 760 1825 Bur-m
765 1798 868 1825 —641
893 1795 994 1834 Vulg.
1019 1794 1199 1834 legebatur
1229 1794 1358 1835 Effuge,
1385 1804 1417 1824 n.
1444 1794 1476 1824 d.
1505 1803 1546 1824 m
1581 1803 1680 1834 soror,

225 1839 367 1879 effuget.
392 1838 507 1869 Ursin.
538 1837 634 1868 dedit
660 1838 703 1868 Et
720 1837 813 1876 fuge.
860 1837 996 1867 Deinde
1023 1837 1111 1867 idem
1140 1836 1225 1867 Cod.
1243 1847 1319 1867 cum
1337 1836 1427 1867 Maz.
1452 1836 1583 1866 Zulich.
1599 1836 1679 1868 Pet.

226 1880 358 1912 Arund.
376 1885 411 1911 et
427 1880 578 1921 plurimis
596 1880 667 1910 aliis
685 1884 834 1916 moestum,
843 1878 939 1917 fuge,
954 1880 1065 1917 dicere,
1080 1883 1204 1911 tectum.
1250 1879 1328 1909 Hac
1343 1879 1547 1909 auctoritate
1559 1878 1678 1909 Burm.

226 1934 324 1954 suum
339 1923 538 1954 construxit.
556 1922 633 1954 Jun.
647 1922 751 1952 habet
770 1927 909 1952 moeslum
925 1923 1083 1952 dimittere
1105 1925 1240 1952 tectum:
1266 1931 1315 1958 pr.
1341 1921 1436 1951 Med.
1459 1924 1564 1950 moesto
1583 1920 1680 1951 disce-

226 1968 300 1997 dere
315 1969 421 2002 tecto‚·
444 1965 528 1995 alius
545 1975 618 1995 moes
607 1968 685 1994 tum
700 1965 760 1994 tzbz
775 1965 910 2002 lmquere
938 1968 1072 1994 tectum:
1106 1965 1171 1994 duo
1200 1964 1276 1993 libii
1294 1963 1389 2001 fuge,
1416 1971 1463 1991 me
1489 1963 1576 1999 duce,
1602 1965 1679 1993 tect.

226 2008 315 2039 Laeti
331 2007 415 2038 Cod.
433 2011 468 2037 et
485 2006 670 2045 aliusfuge,
685 2008 788 2036 desere
801 2010 873 2036 tect.
890 2010 925 2035 et
942 2007 1038 2036 Voss.
1062 2007 1181 2036 ducere.
1216 2007 1268 2035 Ex
1288 2005 1377 2035 hisce
1395 2003 1544 2043 vestigiis
1559 2003 1679 2036 Heius.

228 2059 275 2080 vs.
292 2049 491 2080 constituit:
519 2049 591 2078 Heu
610 2048 703 2086 fuge,
718 2058 748 2078 n.
764 2050 793 2078 d.
812 2047 988 2085 funestum,
1003 2048 1060 2085 ait,
1081 2049 1138 2078 heu
1153 2047 1232 2085 suge
1257 2050 1386 2077 tectum.-
1420 2050 1455 2076 et
1477 2046 1525 2076 ita
1541 2046 1678 2086 quidem

226 2099 316 2123 corr.
341 2092 622 2122 Francius—643
646 2091 701 2120 Sic
724 2094 805 2120 vett.
828 2094 915 2119 teste
942 2090 1103 2129 Neapoli:
1129 2094 1164 2119 at
1191 2090 1281 2126 vulg.
1301 2089 1359 2119 vel.
1374 2089 1460 2118 illinc
1474 2098 1499 2119 s.
1514 2087 1626 2126 ausus.
1642 2093 1679 2120 et

227 2135 277 2164 sie
294 2134 350 2165 Fr.
364 2133 426 2163 nisi
438 2133 525 2172 quod
543 2132 590 2162 illi
608 2142 667 2171 pro
690 2132 774 2161 illinc
797 2131 958 2162 exhibet:
985 2132 1022 2161 F.
1048 2142 1074 2162 s.
1090 2130 1304 2169 alulfi—644
1328 2130 1397 2162 Alii
1414 2131 1466 2161 ille
1483 2140 1544 2170 pro
1559 2131 1678 2170 ipse.—

227 2179 288 2207 645
316 2176 443 2214 Quaque
462 2175 578 2205 Heins.
595 2174 690 2204 dedit
706 2183 747 2203 ex
765 2173 917 2213 plurimis
930 2178 1002 2213 opt.
1021 2173 1126 2204 Codd.
1145 2183 1204 2213 pro
1222 2175 1311 2213 vulg.
1336 2174 1590 2213 Cumque—647
1615 2174 1679 2204 Cu-

224 2218 311 2258 pidis
325 2227 368 2248 ex
385 2217 514 2247 Arund.
532 2217 618 2246 Maz.
648 2216 775 2246 Zulicli.
806 2225 854 2253 pr.
884 2216 921 2246 F.
950 2220 984 2246 et
1012 2217 1119 2246 tribus
1145 2216 1216 2246 aliis
1240 2216 1355 2246 Heius.
1374 2217 1485 2255 placet
1499 2225 1568 2256 prae
1585 2216 1677 2255 vulg.

229 2260 373 2291 tumidis.-
399 2269 451 2299 pr.
468 2259 511 2289 A.
526 2263 562 2289 et
577 2259 673 2288 Voss.
696 2258 837 2297 rapiam
872 2263 906 2287 et
936 2259 1000 2288 duo
1016 2258 1255 2290 timidis.-—650
1279 2258 1392 2289 Ursini
1413 2258 1496 2289 Cod.
1514 2263 1548 2288 et
1566 2267 1616 2297 pr.
1631 2259 1677 2289 V.

227 2303 309 2341 sign.
326 2305 433 2332 notata
447 2303 622 2341 νεώ-651
648 2302 704 2331 Pr.
723 2300 763 2330 Α.
782 2305 816 2330 et
847 2301 930 2330 Laeti
957 2301 1017 2339 rip.
1042 2302 1160 2331 instant
1183 2305 1259 2331 rest.
1287 2305 1323 2331 et
1346 2310 1422 2331 mox
1446 2300 1523 2330 Pet.
1545 2300 1679 2340 rime.—

229 2348 293 2376 652
316 2344 447 2376 Zulich.
463 2344 554 2374 Maz.
570 2353 619 2383 pr.
638 2342 678 2373 A.
696 2347 731 2373 et
749 2343 814 2373 duo
842 2342 897 2373 alii
927 2343 1012 2374 Sust.
1037 2347 1140 2374 tenues
1160 2353 1258 2374 conse.
1283 2348 1318 2374 et
1342 2344 1408 2373 duo
1425 2343 1482 2373 alii
1495 2342 1678 2382 rapidas.—

890 2438 1028 2470 NOTAE

273 2516 336 2545 639
358 2513 495 2553 sororis]
521 2513 640 2551 Annae,
658 2514 730 2544 scil.
1022 2515 1083 2543 647
1108 2512 1286 2551 Numicius]
1302 2510 1391 2541 Latii
1408 2518 1532 2550 parvus
1547 2508 1680 2551 fluvius,

271 2566 333 2594 641
359 2563 520 2602 Moestum]
544 2564 585 2593 In
603 2573 668 2603 quo
682 2563 779 2593 triste
796 2561 926 2592 facinus
980 2564 1011 2593 in
1030 2572 1096 2603 quo
1113 2567 1148 2592 et
1165 2566 1337 2601 repertum
1354 2560 1466 2590 AEneae
1481 2559 1641 2591 cadaver.

231 2619 265 2645 te
282 2614 457 2644 adversum
475 2618 620 2654 paratur.
1022 2615 1085 2643 649
1108 2611 1245 2651 Sidonis]
1282 2611 1395 2647 Anna,
1422 2610 1476 2641 cui
1506 2620 1527 2641 a
1553 2610 1677 2642 Sidone

272 2665 336 2694 642
359 2663 424 2693 Sub
440 2663 577 2703 verbum]
594 2664 669 2696 Quo
687 2667 839 2703 tempore
857 2661 925 2693 An-
979 2663 1071 2703 Tyro
1087 2662 1199 2692 vicina
1215 2661 1297 2692 urbe
1314 2661 1396 2692 illud
1414 2670 1545 2693 nomen.

231 2723 307 2744 nam
323 2722 473 2744 sororem
488 2712 580 2744 Dido
603 2723 664 2754 per
680 2721 831 2743 somnum
847 2711 927 2742 allo·
1022 2715 1084 2742 652
1109 2711 1281 2751 Sustinuit]
1297 2711 1351 2742 Ne
1362 2720 1509 2741 murmur
1524 2710 1680 2753 ederent,

233 2765 408 2806 quebatur.
979 2765 1083 2803 atque
1098 2759 1207 2792 Annae
1225 2770 1289 2792 vox
1303 2760 1412 2792 audiri
1428 2764 1556 2802 posset.
