1773 3121
209 255 323 298 1876
696 265 735 294 P.
767 263 926 293 ovinii
963 261 1175 293 NAsouis

208 359 376 401 Deficit
393 356 629 412 ingenium,
649 357 907 412 majoraque
929 358 1096 400 viribus
1112 360 1280 411 urgent.

266 426 386 468 Haec
405 426 511 466 mihi
532 425 763 479 praecipuo
783 417 942 466 est'ore
963 425 1159 466 canenda
1180 425 1288 465 dies.

209 495 330 546 Quid
348 494 466 534 volui
488 492 673 533 demens
694 491 840 545 Elegis
859 493 1080 546 imponere
1100 495 1265 532 tantum

266 561 516 603 Ponderis'l
547 560 669 601 heroi
689 573 758 600 res
779 564 871 601 erat
890 561 978 601 ista
998 559 1139 613 pedis.

210 631 375 672 Sancte
394 628 529 670 Pater
549 628 729 677 Patriae,
750 629 832 668 tibi
855 628 1003 678 Plebs,
1025 628 1104 668 tibi
1126 627 1259 668 Curia
1279 639 1438 668 nomen

268 697 375 738 Hoc
395 696 538 747 dedit3
568 695 653 736 hoc
676 695 876 736 dedimus
898 707 978 736 nos
999 695 1077 735 tibi
1098 708 1252 735 nomen
1274 695 1437 748 Eques.

211 765 304 806 Res
324 768 468 805 tamen
489 768 587 804 aute
609 763 743 804 dedit.
804 762 912 802 Sero
936 776 1110 816 quoque
1129 775 1232 802 vera
1255 762 1390 803 tulisti

268 830 488 872 Nomina:
514 831 611 883 jam
630 829 801 882 pridem
822 832 871 868 tu
894 830 1026 869 Pater
1044 830 1164 869 orbis
1186 842 1296 870 eraS.

212 899 315 939 Hoc
337 901 383 939 tu
403 911 483 952 per
504 901 654 945 terras,
676 895 795 948 quod
815 895 860 934 in
883 894 1041 935 aethere
1060 894 1237 947 Jupiter
1259 896 1363 942 alto,

268 964 444 1006 Nomen
463 964 612 1004 habes.
673 961 916 1002 Hominum
937 964 982 1001 tu
1004 964 1145 1014 pater,
1165 961 1236 1001 ille
1259 961 1416 1002 Deum.

211 1032 417 1082 Romule,
439 1029 685 1073 concedas:
716 1028 822 1070 facit
840 1028 912 1069 hic
935 1032 1015 1069 tua
1034 1041 1193 1082 magna
1216 1028 1374 1070 tuendo

268 1099 466 1141 Moenia:
497 1102 542 1139 tu
562 1097 747 1139 dederas
768 1095 1050 1139 transilienda
1071 1096 1230 1138 Remo.

210 1168 275 1208 Te
295 1167 470 1215 Tatius,
491 1166 704 1219 parvique
727 1164 882 1214 Cures,
905 1163 1175 1217 Caeninaque
1197 1164 1363 1204 sensit:
1416 1206 1419 1209 ,

268 1233 372 1275 Hoc
394 1233 522 1275 Duce
543 1231 793 1272 Romanum
815 1235 881 1271 est
900 1230 1020 1271 Solis
1041 1235 1270 1283 utrumque
1289 1231 1420 1272 latus.

1581 490 1666 532 125

1583 826 1669 868 130

1584 1162 1671 1205 135

211 1350 281 1380 hinc
295 1348 424 1379 additur
440 1347 559 1379 Fastis.
606 1345 770 1385 Ingenium
785 1346 902 1386 deficit,
927 1350 958 1377 et
973 1346 1091 1385 majora
1112 1346 1229 1376 viribus
1245 1355 1296 1375 me
1311 1349 1465 1386 premunt.
1511 1345 1592 1376 Haec
1606 1345 1674 1376 dies

210 1395 255 1422 est
272 1391 348 1422 mihi
364 1391 516 1421 cantanda
533 1399 585 1419 ore
596 1389 762 1428 praecipuo.
810 1390 896 1422 Quid
907 1390 987 1428 vovi,
999 1399 1114 1426 amens,
1128 1389 1282 1428 imponere
1294 1392 1413 1419 tantum
1425 1388 1526 1419 «meris
1537 1386 1674 1428 Elegis?

211 1435 277 1464 Res
299 1434 361 1464 ista
375 1436 441 1463 erat
455 1431 544 1471 pedis
558 1431 684 1462 heroici.
731 1430 844 1460 Sancte
869 1431 968 1460 Pater
992 1431 1127 1468 Patrioe,
1155 1432 1303 1470 Populus,
1329 1432 1427 1461 Curia
1452 1431 1599 1471 imposuit
1613 1430 1673 1461 tibi

211 1478 265 1507 hoc
280 1485 409 1510 nomen‚·
432 1484 488 1504 uos
512 1474 644 1514 Equites
665 1473 864 1512 imposuimus
888 1472 947 1502 tibi
969 1473 1024 1502 hoc
1047 1482 1164 1503 nomen.
1209 1473 1273 1502 Res
1288 1476 1390 1503 tumen
1403 1473 1490 1512 prius
1503 1473 1672 1512 imposuit:

212 1528 278 1548 sero
294 1518 388 1548 etium
413 1516 575 1547 obtinuisti
598 1525 671 1546 vera
696 1515 839 1545 nomina.-
854 1514 981 1553 jumdiu
1005 1525 1074 1546 eras
1101 1515 1200 1545 Pater
1224 1515 1317 1545 orbis.
1365 1515 1411 1545 Tu
1424 1515 1516 1545 habes
1530 1516 1565 1545 in
1580 1516 1675 1546 terris

210 1570 333 1598 nomen,
358 1560 436 1600 quod
451 1559 578 1599 Jupiter
593 1558 682 1588 habet
699 1558 732 1588 in
758 1558 876 1588 excelso
890 1558 973 1589 coelo.
1019 1559 1067 1589 Tu
1093 1567 1125 1588 es
1149 1561 1239 1598 pater
1265 1557 1431 1596 hominum,
1455 1557 1510 1588 ille
1523 1557 1674 1589 Deorum.

213 1603 354 1640 Romule,
368 1603 523 1632 conceda&
571 1600 727 1637 Hicsacit
751 1603 805 1630 tua
819 1602 931 1631 moenia
953 1611 1066 1639 magna
1081 1600 1289 1638 deseudeudm
1313 1604 1347 1630 tu
1362 1601 1490 1631 dederas
1505 1609 1546 1630 ea
1560 1599 1675 1631 trausi-

210 1647 313 1677 lz'enda
329 1645 437 1676 Remo.
485 1644 606 1684 Tatius,
631 1647 662 1674 et
673 1643 766 1684 parvi
783 1643 893 1682 Cures,
917 1647 948 1674 et
966 1643 1096 1674 Coem'na
1110 1646 1141 1674 te
1156 1643 1264 1674 sensit.
1310 1643 1382 1674 Hoc
1396 1643 1498 1684 Duce,
1513 1645 1674 1684 utrumque

823 1725 862 1736 Ν

998 1726 1055 1736 m

213 1784 414 1815 acceleratur.
463 1782 529 1814 Alii
545 1792 679 1824 quoque
701 1783 915 1813 honor.--126
938 1781 1069 1812 Arund.
1095 1783 1194 1814 Cant.
1212 1786 1247 1813 et
1271 1782 1339 1812 duo
1355 1781 1411 1812 alii
1434 1781 1533 1813 Pond.
1560 1780 1675 1812 heroici

213 1836 273 1856 res.
320 1826 404 1857 Mox
421 1825 519 1857 Voss.
535 1826 597 1857 erit
611 1826 774 1857 ise—130
799 1826 857 1856 Pr.
884 1824 973 1856 Edd.
1000 1831 1035 1855 et
1051 1825 1187 1864 plurimi
1212 1835 1255 1856 ex
1271 1824 1408 1864 scriptis
1427 1825 1468 1854 P.
1484 1824 1571 1855 urbis
1585 1833 1676 1855 er.—

215 1872 275 1899 133
300 1867 369 1899 Alii
392 1868 434 1899 R.
461 1870 613 1899 concedes.
660 1869 817 1900 Quatuor
842 1867 963 1906 scripti
988 1868 1074 1898 dedit
1089 1868 1150 1898 hic.
1175 1867 1216 1899 P.
1244 1872 1279 1897 et
1307 1872 1454 1907 quatuor
1469 1866 1525 1898 alii
1541 1866 1593 1897 hic
1614 1865 1676 1897 tibi

216 1913 429 1950 mugn.——134
457 1911 504 1941 Tu
529 1921 571 1941 ex
595 1910 710 1941 Ursiu.
740 1914 777 1940 et
805 1910 877 1941 Ma.
911 1908 1074 1940 Ciofanus
1112 1909 1267 1949 profert:
1297 1910 1355 1939 alii
1384 1911 1570 1948 quau—135
1592 1909 1675 1939 Tres

216 1953 336 1993 scripti
363 1954 405 1984 Te
431 1953 536 1984 Tatii:
560 1952 608 1983 sic
625 1953 682 1982 Fr.
710 1952 766 1992 qui
794 1952 895 1981 etiam
924 1951 1027 1981 habet
1058 1952 1250 1990 Ceciuaque:
1284 1951 1338 1981 vel
1366 1951 1557 1990 Ceeiunaque
1580 1950 1674 1982 Mor.

215 1995 387 2036 Serminoq.
405 1996 491 2027 alter
505 1995 659 2035 ejusdem
687 1994 854 2034 mechinaq.
879 1993 921 2023 P.
941 1993 1219 2033 (Ἀντίπᾳ-436
1245 1994 1302 2023 Est
1319 2002 1385 2023 non
1408 1992 1510 2024 habet
1525 1993 1673 2025 Strozzae

874 2082 1014 2113 NOTAE

262 2161 321 2190 125
346 2159 470 2199 Elegis]
500 2159 566 2191 Qui
584 2158 672 2199 pede
689 2168 754 2189 uuo
771 2158 918 2189 truncati
973 2158 1034 2189 tibi
1053 2168 1239 2199 cognomen
1255 2159 1496 2199 imponeretur.

217 2210 427 2242 Pentametri
455 2209 585 2240 ratione
601 2209 709 2239 minus
733 2214 809 2239 sunt
826 2209 918 2249 gravi
1017 2212 1078 2239 130
1104 2209 1201 2239 Pater
1220 2209 1317 2249 orbis]
1348 2209 1572 2240 Callidissima
1593 2208 1675 2240 adu-

217 2263 416 2300 argumento
433 2259 555 2290 idonei.
972 2260 1100 2290 latione
1117 2258 1263 2299 Augusti
1281 2260 1396 2291 titulos
1413 2264 1514 2299 auget
1527 2259 1633 2290 Naso.

260 2312 322 2341 126
345 2309 461 2350 Heroi]
489 2308 629 2340 Heroici
643 2318 700 2339 seu
714 2309 917 2340 Hesametri

218 2369 346 2392 versus.

263 2412 323 2442 12⁷
339 2409 446 2449 Plebs]
471 2410 597 2440 Omnes
622 2410 801 2450 repentino
813 2409 918 2440 maxi-

217 2469 340 2501 moque
354 2470 515 2491 consensu
534 2460 687 2501 Augusto
711 2467 864 2492 sanctum
880 2461 917 2490 il-

216 2510 275 2541 lud
303 2519 488 2551 cognomen
499 2510 696 2541 detulerunt
712 2522 719 2548 3
744 2511 832 2551 quod
847 2511 918 2551 ipse

222 2560 357 2602 quidem
375 2570 439 2591 non
457 2561 526 2591 siue
542 2561 700 2601 lacrymis
718 2563 865 2602 accepit.

265 2609 379 2649 Curia]
408 2610 564 2641 Senatus.

263 2663 325 2692 128
350 2659 467 2700 Eques]
492 2661 659 2702 Equester
672 2661 775 2691 ordo:
800 2671 916 2702 exquo

220 2710 288 2743 fuit
303 2711 409 2742 Naso.

264 2764 327 2793 129
351 2761 428 2801 Res]
459 2761 549 2794 Quia
563 2760 737 2792 beneficiis
753 2766 789 2792 et
805 2771 917 2792 amore

221 2811 370 2843 omnium
396 2811 502 2844 Pater
527 2820 601 2843 eras
624 2811 820 2854 priusquam
835 2811 919 2843 illud

1017 2313 1076 2340 133
1119 2310 1290 2350 Comedus]
1337 2310 1486 2351 Augusti
1519 2308 1675 2343 laudibus

972 2358 1132 2390 decedas.
1177 2359 1232 2390 Ad
1251 2360 1334 2390 illud
1352 2369 1434 2390 vero
1451 2359 1572 2390 alludit
1586 2358 1675 2390 forte

973 2411 1060 2451 quod
1079 2410 1207 2442 factum
1224 2421 1301 2442 cum
1319 2412 1327 2427 ‘
1341 2412 1447 2442 Pater
1459 2409 1601 2442 Patriae'
1617 2419 1675 2451 ap·

974 2461 1120 2501 pellatus
1150 2466 1213 2491 est.
1271 2455 1422 2491 Fuerunt
1447 2469 1590 2500 namque
1616 2459 1674 2500 qui

976 2511 1167 2549 Romulum,
1185 2511 1285 2542 titulo
1298 2520 1381 2541 saue
1397 2511 1496 2550 longe
1509 2508 1675 2550 inferiori,

973 2560 1225 2601 appellandum,
1242 2566 1436 2591 censerent.

1016 2609 1396 2650 Tue⁷1d0]D‹·fendendo
1406 2615 1439 2640 et
1451 2609 1675 2650 protegendo.

974 2662 1027 2692 De
1043 2671 1096 2699 eo,
1109 2661 1142 2691 ni
1156 2660 1265 2699 fallor,
1275 2659 1451 2699 cogitabat
1463 2660 1570 2699 Naso,
1583 2660 1674 2701 quod

971 2710 1112 2742 fratrem
1130 2711 1272 2741 Remum
1292 2710 1452 2741 Romulus
1468 2709 1660 2742 occidisset.

1016 2764 1077 2793 134
1101 2761 1260 2802 Dederas]
1292 2760 1456 2803 Adeoque
1478 2770 1585 2806 parva
1600 2760 1676 2808 ›fue-

973 2816 1066 2844 runt.
1536 2813 1543 2817 “
