1773 3121
262 222 375 266 1786

746 236 785 266 Ρ.
817 235 897 264 OVI
907 234 974 265 DII
1008 235 1223 266 NASONIS

319 329 511 382 Jamque
531 343 644 383 opus
665 331 810 382 exegi,
832 332 946 384 quod
969 344 1048 372 nec
1068 331 1097 372 J
1101 332 1198 372 ovis
1219 332 1298 380 ira,
1317 343 1399 371 nec
1420 330 1556 383 ignes,

265 395 363 437 Nec
382 397 547 449 poterit
567 397 739 447 ferrum,
761 411 838 438 nec
859 398 976 438 edax
998 398 1170 438 abolere
1191 402 1403 439 vetustas.

265 463 377 505 Cum
397 465 517 504 volet
535 464 611 505 illa
631 465 739 515 dies,
761 479 860 519 quae
880 466 943 506 nil
964 466 1050 506 nisi
1073 467 1270 518 corporis
1291 465 1421 518 hujus

307 605 440 645 Jamque
454 606 569 637 absolvi
583 617 668 647 οραε,
693 609 770 648 quod
785 619 879 649 neque
894 610 941 640 ira
957 610 1058 648 Jovis,
1083 618 1178 648 neque
1186 608 1340 649 flammae,
1363 615 1459 646 neque
1465 605 1604 644 ferrum,
1627 614 1723 645 neque

264 656 364 687 rapax
379 649 551 690 antiquitas
562 651 679 691 poterit
695 651 805 682 delere.
850 652 913 682 Illa
928 653 1004 691 dies,
1026 661 1092 691 quoe
1107 652 1224 681 nullam
1239 650 1330 680 habet
1342 652 1525 689 potestatem
1541 648 1604 679 nisi
1618 649 1651 679 in
1667 649 1722 679 hoc

870 760 1005 772 ‘‘‘‘‘‘‘

1010 761 1104 772 ooooo

269 829 371 860 Tarda
397 830 463 861 dies
487 831 555 871 illa,
590 835 620 863 et
643 835 746 863 nostro
768 832 888 863 tardior
914 843 971 864 αὐ.
996 833 1095 864 multi
1122 832 1225 863 etiam
1250 832 1306 862 alii
1342 832 1463 863 tardior
1488 840 1550 872 pro
1573 831 1724 862 serior.—

928 959 959 991 N
966 957 1066 990 OTAE

308 1045 368 1073 871
410 1042 499 1073 Joris
530 1042 594 1083 ira]
632 1043 685 1075 Ne
724 1043 773 1075 ita
807 1045 971 1085 accipias,

267 1093 361 1133 quasi
374 1093 406 1123 in
421 1093 515 1124 Jovis
527 1098 738 1125 contemtum
749 1094 813 1125 ista
826 1105 844 1124 a
858 1095 970 1125 Poeta

265 1143 399 1181 prolata
412 1143 491 1173 sint.
519 1144 721 1183 Quanquam
738 1143 861 1183 impius
879 1154 971 1174 max-

266 1192 331 1222 ime
349 1191 482 1230 fuisset,
498 1192 634 1223 insanus
650 1193 759 1224 noluit
776 1194 896 1233 videri,
913 1194 968 1234 qni

266 1242 365 1272 simul
388 1246 423 1272 et
446 1247 667 1273 veneraretur
683 1248 719 1274 et
735 1248 971 1275 contemneret

265 1292 400 1323 Jovem.
445 1291 531 1322 Haec
558 1292 644 1323 dixit
660 1294 737 1334 quia
766 1303 847 1324 vera
873 1299 970 1333 sunt;

265 1350 376 1381 neque
392 1340 466 1371 fieri
484 1346 597 1381 potest
614 1347 651 1373 ut
670 1344 844 1384 quisquam
861 1344 970 1374 Deum

266 1390 435 1422 infensum
450 1392 576 1423 habeat
590 1393 645 1433 qui
663 1393 749 1423 bene
763 1393 857 1432 facit,
870 1399 971 1434 atque

265 1440 362 1471 Illius
390 1441 544 1472 imitatur
570 1448 737 1473 naturam.
785 1444 863 1474 Non
879 1443 972 1483 equi-

266 1490 342 1520 dem
356 1490 433 1521 dico
447 1491 478 1521 in
493 1492 645 1522 omnibus
660 1492 871 1533 inculpatum
885 1492 973 1523 Po'e-

267 1546 350 1579 tam‚
377 1541 557 1581 nequidem
574 1541 607 1571 in
627 1542 666 1571 iis
683 1543 805 1582 quibus
828 1543 972 1573 maxime

266 1590 456 1621 laudabilis.
503 1591 587 1621 Cum
606 1591 817 1622 Christianus
829 1602 894 1632 ego
911 1592 971 1622 sim

267 1639 333 1669 Dei
351 1640 516 1680 peculiari
543 1641 777 1672 misericordia
804 1642 874 1672 tale
891 1641 973 1682 quid

266 1693 303 1719 ut
331 1689 469 1720 credam
498 1699 666 1731 nunquam
695 1691 853 1722 eveniet:
880 1701 972 1721 nam-

268 1749 334 1780 que
351 1744 386 1771 et
402 1740 509 1771 multa
536 1745 613 1771 sunt
638 1740 841 1772 detestanda
868 1744 970 1781 atque

266 1790 387 1830 procul
403 1800 422 1820 a
436 1790 645 1831 cogitatione
663 1791 865 1832 ableganda.
904 1793 972 1823 Ve-

267 1852 340 1873 rum
365 1842 537 1873 enimvero
554 1843 696 1883 plurima
717 1843 854 1882 optimae
869 1847 971 1882 notae,

267 1903 410 1933 quaeque
437 1893 583 1923 maxime
609 1892 651 1922 ad
682 1892 888 1932 probitatem
905 1901 971 1921 mo-

266 1952 408 1982 rumque
436 1943 644 1983 elegantiam
671 1946 831 1982 spectant
845 1943 878 1972 in
896 1942 969 1981 ejus

266 1992 429 2032 operibus
448 1992 570 2032 passim
592 1992 744 2032 conspici
768 1992 878 2021 nullus
903 2001 970 2021 non

268 2041 483 2078 confiteatur,
509 2042 565 2072 cui
589 2042 715 2081 capitis
742 2043 816 2072 loco
837 2051 903 2072 non
927 2042 971 2072 sit

268 2091 408 2132 putrida
434 2091 620 2122 cucurbita.
676 2091 764 2123 Quia
794 2091 853 2121 illa
884 2091 973 2121 bona

268 2146 348 2172 sunt
359 2141 455 2173 Jovis
472 2151 537 2182 ope
549 2151 624 2182 quae
643 2141 675 2171 in
690 2142 799 2172 lucem
816 2141 973 2181 protulit,

267 2192 347 2223 ideo
386 2191 497 2223 Poeta
535 2191 568 2221 in
612 2192 684 2222 haec
722 2191 841 2221 eadem
878 2191 972 2222 Jovis

268 2242 353 2273 iram
378 2251 549 2282 nunquam
579 2241 842 2271 insurrecturam
870 2239 972 2270 confi-

269 2293 332 2324 dit.
377 2291 600 2332 splendidum
618 2290 723 2322 fuerit
748 2296 927 2331 peccatum
946 2291 973 2320 si

266 2342 361 2373 voles
375 2341 525 2383 quisquis
537 2341 584 2372 ita
599 2341 641 2371 ad
654 2342 721 2372 Dei
739 2342 882 2381 gratiam
897 2351 973 2371 con-

268 2392 358 2434 fugis
386 2401 534 2432 semper,
560 2396 598 2422 ut
622 2392 743 2422 nullius
775 2391 854 2421 boni
882 2391 913 2420 in
938 2396 972 2421 te

268 2443 451 2482 vestigium
467 2446 644 2482 appareat.
684 2442 844 2472 Ceterum
865 2451 972 2482 neque

269 2493 362 2534 prius
380 2492 536 2523 discedas
554 2492 653 2521 velim
669 2501 765 2531 quam
784 2491 889 2531 probe
907 2501 973 2521 mo-

270 2542 376 2581 nitus,
398 2541 480 2572 nihil
503 2541 679 2582 quicquam
700 2542 842 2580 amplius
870 2542 972 2571 colla·

271 2596 383 2622 turum
413 2591 520 2620 Deum
549 2590 614 2619 illis
645 2589 801 2619 Pes-tibus
819 2590 873 2629 qui
891 2590 972 2619 nihil

270 2639 417 2677 habent3
441 2640 538 2669 immo
555 2639 665 2668 onmia
682 2639 882 2668 ablaturum.
921 2640 973 2669 Ne

272 2689 417 2729 nescias,
440 2694 492 2719 est
519 2690 607 2719 inter
633 2690 823 2728 snperbiam
848 2693 883 2718 et
900 2689 972 2719 nul—

273 2743 338 2772 lius
365 2740 446 2772 boni
471 2741 716 2772 conscientiam
747 2740 874 2781 aliquid
902 2741 971 2771 sine

275 2801 341 2833 quo
373 2791 484 2822 nullus
514 2786 655 2831 reguum
690 2791 756 2822 Dei
793 2795 973 2832 penetrare

1025 1046 1143 1086 possit.
1187 1046 1222 1076 Si
1239 1045 1398 1087 quidnam
1414 1045 1457 1076 sit
1473 1044 1557 1076 illud
1576 1044 1728 1085 ignoras,

1025 1105 1137 1135 quaere
1155 1099 1190 1126 et
1205 1095 1369 1135 invenies,
1385 1095 1484 1126 modo
1507 1104 1549 1125 ne
1567 1094 1609 1125 sis
1626 1104 1727 1136 quem

1025 1145 1160 1176 minime
1178 1147 1275 1186 cupis
1298 1146 1405 1177 videri
1425 1145 1585 1186 superbia
1601 1144 1729 1175 invicta

1025 1196 1201 1234 protritus,

1067 1247 1128 1275 873
1156 1246 1233 1275 Cum
1253 1244 1348 1285 volet]
1371 1245 1506 1276 Pecora
1531 1243 1632 1274 video
1647 1253 1729 1285 quo-

1025 1294 1108 1325 tidie
1125 1294 1269 1325 humano
1296 1294 1413 1325 habitu
1442 1299 1545 1334 atque
1567 1293 1729 1324 Christia-

1025 1353 1066 1373 na
1082 1344 1190 1383 larva,
1206 1355 1281 1385 quae
1298 1354 1374 1375 cum
1404 1344 1497 1374 nullo
1520 1353 1627 1384 neque
1651 1347 1729 1384 post

1026 1392 1155 1423 obitum
1183 1403 1294 1433 neque
1311 1393 1388 1424 dum
1406 1393 1524 1424 vivunt
1544 1393 1653 1423 laudis
1670 1397 1730 1423 aut

1028 1442 1141 1482 gloriae
1159 1442 1296 1472 stimulo
1320 1451 1392 1472 sese
1419 1443 1531 1482 urgeri
1556 1447 1652 1473 certo
1668 1442 1731 1473 sci-

1027 1495 1098 1529 ant,
1125 1501 1166 1522 ea
1195 1491 1306 1522 omnia
1334 1501 1409 1532 quae
1441 1491 1484 1522 ab
1508 1491 1663 1522 Ethnicis
1689 1499 1729 1520 ea

1028 1541 1138 1580 gratia
1153 1541 1246 1571 dicta
1262 1545 1321 1572 aut
1335 1540 1427 1572 facta
1444 1544 1521 1571 sunt
1537 1549 1604 1570 non
1623 1539 1731 1579 negli-

1026 1594 1110 1629 gunt
1125 1590 1236 1630 modo,
1255 1590 1314 1621 sed
1339 1591 1477 1629 insuper
1494 1588 1590 1630 quasi
1605 1588 1732 1619 cautis-

1027 1639 1102 1670 simi
1119 1645 1232 1671 essent
1248 1645 1365 1680 aperte
1389 1639 1581 1670 exsibilant.
1627 1638 1731 1670 Undi-

1026 1699 1159 1731 quaque
1174 1689 1312 1721 fortiter
1329 1699 1391 1730 per
1407 1688 1458 1720 fas
1474 1693 1508 1720 ct
1524 1687 1620 1720 nefas
1636 1698 1730 1719 num-

1025 1749 1096 1770 mos
1114 1740 1293 1772 corradere
1319 1744 1422 1781 atque
1445 1749 1487 1770 ex
1504 1739 1730 1780 protritorum

1026 1790 1181 1821 medullis
1207 1790 1347 1821 delicias
1374 1784 1611 1830 suas'parare,
1627 1788 1732 1820 abdo-

1025 1840 1123 1870 minis
1141 1841 1334 1879 voraginem
1354 1841 1564 1881 inexpletam
1580 1837 1732 1870 suffarci-

1025 1898 1106 1919 nare
1124 1898 1271 1928 semper,
1286 1889 1376 1928 apud
1395 1890 1469 1920 illos
1486 1890 1559 1919 laus
1576 1892 1631 1919 est
1645 1897 1734 1918 sum·

1025 1948 1093 1976 ma,
1131 1947 1358 1978 supremaque
1394 1939 1572 1978 sapientia.
1640 1937 1732 1969 Quia

1024 1997 1147 2027 nempe
1160 1987 1242 2017 nihil
1255 1992 1306 2018 est
1321 1988 1410 2028 quod
1425 1988 1467 2018 ad
1485 1988 1556 2018 illos
1573 1986 1733 2028 attineat,

1025 2036 1260 2078 quodcumque
1279 2036 1365 2067 bene
1385 2038 1437 2068 vel
1461 2038 1548 2068 male
1565 2040 1645 2077 post
1659 2035 1731 2067 fata

1025 2086 1113 2117 fama
1130 2087 1316 2127 praedicat3
1341 2088 1432 2128 quod
1455 2088 1593 2128 insuper
1610 2087 1730 2119 dicunt

1026 2140 1084 2167 aut
1100 2136 1251 2176 cogitant
1267 2137 1308 2167 de
1326 2137 1568 2177 superstitibus
1585 2137 1643 2178 qui
1667 2136 1734 2168 sibi

1026 2186 1143 2217 ablata
1166 2187 1252 2217 bona
1269 2191 1471 2228 queruntur,
1497 2187 1617 2218 eadem
1645 2187 1733 2218 bona

1028 2237 1109 2267 nihil
1137 2237 1356 2276 i1umiuuunt3
1390 2238 1637 2278 ineptissimum
1663 2237 1730 2268 illis

1027 2286 1117 2318 foret
1125 2288 1168 2318 de
1180 2288 1281 2318 nihilo
1295 2292 1477 2329 tantopere
1486 2298 1558 2319 esse
1568 2287 1732 2328 solicitos,

1028 2347 1103 2369 cnm
1120 2339 1183 2369 sibi
1202 2339 1367 2379 plaudere
1385 2343 1486 2379 atque
1505 2339 1605 2379 genio
1621 2337 1730 2368 indul-

1028 2398 1109 2429 gere
1132 2389 1247 2420 liceat.
1291 2389 1363 2420 Sibi
1390 2388 1554 2429 plaudant
1580 2392 1730 2426 strenue,

1027 2439 1125 2469 modo
1142 2439 1241 2478 longe
1267 2449 1287 2469 a
1312 2448 1386 2476 me3
1410 2448 1521 2478 neque
1551 2438 1622 2468 illos
1649 2437 1731 2468 allo-

1027 2497 1122 2528 quor.
1169 2487 1309 2518 Hortari
1335 2488 1440 2518 subiit
1466 2488 1630 2526 ingenuos
1651 2486 1731 2517 ado-

1026 2538 1207 2575 lescentes,
1231 2537 1259 2566 si
1286 2537 1342 2576 qui
1359 2537 1426 2566 sint
1448 2537 1504 2576 qui
1532 2537 1596 2566 ista
1620 2535 1731 2575 perle-

1028 2592 1122 2627 gant,
1150 2597 1191 2617 ne
1219 2587 1250 2616 in
1277 2595 1349 2616 eam
1379 2591 1477 2616 ruant
1510 2586 1728 2625 pravitatem,

1027 2637 1185 2675 exemplo
1218 2645 1320 2676 pravo
1358 2635 1475 2665 illecti.
1530 2635 1648 2665 Solent
1680 2633 1730 2665 illi

1029 2685 1224 2726 turpissimi,
1242 2694 1323 2725 quos
1335 2685 1408 2725 jam
1425 2685 1572 2724 appello,
1591 2693 1656 2715 non
1669 2683 1729 2714 ali-

1026 2742 1081 2769 ter
1097 2737 1139 2767 de
1167 2737 1318 2768 Etlinicis
1336 2736 1442 2767 verba
1458 2735 1572 2767 facere
1587 2745 1684 2776 quam
1700 2735 1729 2766 si

1027 2787 1196 2819 daemones
1220 2790 1345 2827 essent,
1368 2786 1449 2827 quia
1469 2785 1603 2818 scilicet
1624 2785 1728 2817 etiam
