1773 3121
160 176 275 217 2124
647 188 690 218 P.
722 187 881 218 ovmn
915 187 1128 221 NAsoms

162 280 362 336 Corpora
381 286 481 337 post
501 283 651 323 decies
673 296 802 324 senos
824 285 898 337 qui
921 284 1103 326 credidit
1123 296 1263 326 annos

218 349 364 390 Missa
383 351 503 401 neci3
536 350 717 390 sceleris
739 350 919 391 crimine
940 352 1119 393 damnat
1143 365 1269 393 avos.

161 415 300 457 Fama
320 422 465 458 vetus:
498 420 589 457 tum
612 431 711 458 cum
731 418 934 459 Saturnia,
954 424 1067 461 terra
1087 424 1248 461 vocata
1268 422 1347 469 est,

216 483 347 524 Talia
367 484 532 525 fatidici
556 485 677 525 dicta
695 485 816 526 fuere
839 486 948 528 Dei:

161 550 382 591 Falcifero
403 552 540 592 libata
563 553 655 592 seni
677 553 765 594 duo
787 567 986 607 corpora,
1009 558 1173 607 gentes,

218 618 410 670 Mittite3
443 633 541 672 quae
563 620 726 661 Tuscis
748 615 1024 675 excipiantur
1046 623 1194 676 aquis.

162 685 316 726 'Donec
337 687 380 726 in
398 687 494 728 haec
513 689 635 728 venit
653 688 907 741 Tirynthius
927 702 1048 738 arva,
1071 691 1306 743 quotannis

216 755 384 796 Tristia
404 756 629 797 Leucadio
651 769 779 796 sacra
797 762 978 809 peracta
997 759 1142 800 modo.

162 821 291 863 Illum
309 823 566 862 stramineos
588 823 629 861 in
652 835 816 875 aquam
835 824 1009 863 misisse
1031 823 1253 873 Quirites:

219 887 427 928 Herculis
447 889 653 941 exemplo
678 902 864 942 corpora
884 889 999 930 falsa
1013 890 1119 943 jaci.

161 953 276 994 Pars
297 959 438 1007 putat,
462 961 508 996 ut
527 955 690 995 ferrent
703 956 890 1009 juvenes
912 955 1119 1008 suffragia
1140 957 1238 1008 soli,

219 1021 436 1062 Pontibus
458 1022 649 1063 infirmos
670 1024 976 1077 praecipitasse
997 1037 1140 1067 senes,

1533 418 1620 460 625

1535 756 1620 800 630

161 1162 292 1200 terfec!a
319 1168 389 1203 post
413 1175 508 1195 annos
532 1168 710 1206 sea-aginta,
734 1169 860 1199 damnat
885 1168 1017 1207 majores
1030 1169 1159 1200 crimine
1172 1169 1306 1200 sceleris.
1353 1169 1453 1200 Fama
1472 1167 1625 1209 antiqua,-

160 1210 226 1236 lum
259 1216 327 1237 cum
352 1210 437 1237 terra
464 1208 617 1248 appellata
642 1213 688 1240 cst
711 1210 873 1249 Saturnia,
897 1212 974 1241 tulin
992 1211 1123 1249 fuerunt
1139 1213 1230 1242 verba
1247 1211 1313 1242 Dei
1329 1210 1483 1248 fatidici:
1507 1211 1624 1241 Gentes

160 1248 272 1288 efferte
295 1249 359 1279 seni
377 1249 524 1287 fiili-{fero
547 1253 606 1282 duo
622 1262 747 1292 corpora
765 1253 874 1290 libata,
890 1263 957 1293 quw
970 1254 1166 1292 eaecipz'cmtur
1189 1255 1278 1294 aquis
1295 1253 1414 1285 Tuscis.
1460 1252 1622 1292 Lngubria

159 1299 246 1321 sacra
263 1293 425 1330 quotannis
443 1293 581 1331 perfecta
597 1294 661 1324 ritu
678 1295 843 1330 Leucadio,
870 1297 963 1325 donec
991 1296 1173 1335 Tirynthius
1188 1296 1307 1335 appulit
1330 1296 1378 1326 his
1392 1295 1490 1334 agris.
1527 1295 1623 1328 Illum

160 1333 316 1373 impulisse
331 1334 484 1364 Romanos
498 1336 682 1365 stramineos
697 1337 729 1366 in
743 1346 869 1376 uquam.-
893 1338 1030 1376 exemplo
1048 1338 1196 1368 Herculis
1218 1348 1344 1376 corpora
1351 1338 1435 1378 ficia
1450 1337 1621 1367 deturbari.

161 1375 245 1406 Pars
275 1377 371 1406 credie
392 1377 522 1413 ,iuvenes
549 1378 714 1408 devoti-isse
736 1378 880 1418 pontibus
902 1388 988 1408 senes
1014 1379 1177 1419 invalidos,
1200 1383 1233 1410 ut
1249 1379 1306 1410 soli
1314 1379 1438 1416 ferrent
1454 1378 1625 1420 suffiugia.

774 1473 812 1484 Ν
814 1473 1006 1484 eeeeeeeeee

161 1535 332 1566 Lactantii
349 1536 412 1567 Ed.
443 1537 517 1568 Tum
541 1540 775 1579 quoqne...soles.
823 1540 882 1570 Be.
902 1539 1004 1570 etiam
1030 1539 1153 1570 robusto
1180 1548 1243 1578 pro
1259 1538 1504 1570 roborem—623
1529 1538 1569 1569 P.
1586 1542 1623 1569 et

160 1578 222 1608 Be.
247 1580 297 1618 qni
313 1580 449 1610 condidit
465 1591 535 1611 nun.
551 1581 639 1621 quud
656 1591 718 1612 nec
736 1582 895 1622 displicet
913 1584 1136 1613 Burm.-625
1166 1582 1222 1613 Fr.
1252 1585 1324 1612 tnnc
1352 1590 1413 1620 pro
1438 1583 1623 1612 tum—(526

162 1620 262 1651 Fuere
280 1632 318 1651 ex
338 1623 532 1653 melioribus
551 1624 702 1654 restituit
719 1625 838 1656 Heius.
857 1634 919 1664 pro
938 1625 1028 1664 vulg.
1046 1624 1159 1663 fuisse.
1177 1625 1262 1665 Opt.
1280 1623 1375 1655 Med.
1393 1623 1534 1654 exhibet
1544 1623 1624 1661 Dei,

159 1664 249 1692 unde
264 1663 381 1695 Heius.
398 1667 526 1705 recepit
541 1676 602 1706 pro
618 1667 705 1703 vulg.
728 1668 929 1698 senia—(530
947 1669 1042 1699 Modo
1055 1667 1218 1698 exhibent
1236 1667 1386 1707 Nauger.
1404 1666 1518 1697 Ursin.
1531 1666 1623 1697 Maz.

160 1704 291 1737 Zulich.
307 1713 342 1738 et
359 1707 424 1739 duo
442 1709 497 1739 alii
513 1719 521 1747 ;
545 1715 581 1740 at
600 1709 691 1750 vulg.
717 1710 906 1742 Bam—632
929 1710 1006 1742 Duo
1028 1710 1108 1742 libri
1123 1720 1208 1751 corp.
1223 1709 1496 1748 vitissimam—633
1521 1709 1623 1740 Voss.

826 1808 966 1840 NOTAE

203 1886 266 1915 623
293 1885 444 1926 Corpora]
467 1887 577 1918 Moris
605 1892 789 1930 antequam
815 1899 866 1919 ra-

160 1932 287 1964 tionem
301 1935 423 1966 reddat
436 1937 540 1976 Naso,
557 1939 750 1978 opinionem
764 1950 866 1980 quau·

161 1983 237 2013 dani
255 1983 373 2016 falsam
389 1987 579 2027 Majoribus
603 1990 798 2030 injuriosam
817 2001 866 2021 re-

160 2033 271 2065 futat:
297 2045 487 2077 quanquam
505 2038 592 2070 haud
620 2040 778 2080 equidem
795 2041 864 2072 scio

159 2093 240 2115 num
258 2094 351 2117 vere.

203 2139 267 2167 624
285 2137 387 2168 Missa
403 2137 484 2177 neci]
502 2137 603 2178 Apud
618 2139 760 2180 Scythas
771 2150 867 2181 quos-

161 2185 252 2225 dam,
269 2187 419 2228 itemque
436 2188 665 2230 Arnericanos,
687 2190 865 2221 barbarum

159 2246 238 2267 euin
264 2246 403 2276 morem,
429 2248 493 2278 quo
521 2241 730 2279 sexagenarii
752 2246 865 2271 extur-

159 2286 336 2327 barentur,
368 2287 560 2328 invaluisse,
589 2289 686 2320 multi
716 2290 863 2321 tradide-

161 2340 251 2367 runt.

205 2388 266 2416 625
295 2387 408 2426 Terra]
433 2388 546 2428 Italia,
573 2389 646 2421 scil.
662 2400 737 2431 quae
765 2400 785 2421 a
809 2390 865 2421 Sa-

163 2438 263 2467 turno
279 2436 438 2467 Saturnia
461 2438 566 2470 dicta.

206 2488 269 2517 626
284 2486 364 2527 Dei]
387 2486 557 2527 Apollinis
576 2490 758 2529 Dodonraei,
770 2494 808 2521 ut
824 2500 866 2521 ex

163 2536 342 2567 Macrobio
367 2543 469 2578 atque
498 2539 678 2570 Lactantio
705 2540 869 2571 indicavit

165 2586 292 2617 clariss
311 2585 484 2619 Heinsius.
530 2589 672 2619 Graecos
686 2599 802 2621 versus
819 2600 869 2621 re-

921 1889 1016 1930 cujus
1033 1888 1104 1920 falx
1120 1889 1249 1928 insigne
1262 1891 1327 1920 est.

966 1939 1097 1979 Gentes]
1123 1938 1178 1969 Ad
1197 1937 1398 1977 Aborigines
1419 1935 1510 1967 istud
1527 1944 1621 1976 spec-

921 1992 985 2028 tat,
1010 1989 1067 2029 qui
1091 1987 1191 2029 primi
1218 1987 1354 2018 Italiam
1379 1989 1544 2025 regnante
1564 1985 1623 2015 Sa-

921 2030 1020 2069 turno
1038 2040 1232 2068 tenuerunt.

961 2090 1024 2118 628
1042 2085 1160 2124 Tuscis]
1180 2085 1289 2116 Fluvii
1303 2083 1450 2115 Tiberini
1464 2093 1506 2114 ex
1518 2083 1624 2115 Thus-

920 2137 973 2167 cia
989 2135 1181 2167 defluentis.

971 2189 1034 2217 629
1074 2184 1272 2226 Tirynthius]
1311 2184 1480 2216 Hercules
1509 2187 1574 2225 est,
1603 2194 1624 2216 a

919 2236 1088 2276 Tiryntho
1104 2235 1248 2266 Boeotiae
1268 2233 1407 2274 oppido.

963 2289 1025 2316 630
1049 2284 1217 2324 Leucadio]
1242 2284 1406 2324 Apollini,
1427 2284 1500 2316 scil.
1516 2285 1623 2326 quiin

920 2338 1069 2367 Leucate
1100 2335 1187 2366 Ionii
1221 2335 1321 2365 maris
1357 2334 1466 2365 insula
1501 2340 1624 2367 contra

920 2387 1059 2427 Epirum
1082 2386 1244 2426 templum
1269 2384 1394 2415 habuit.
1439 2385 1623 2417 Leucadiis

922 2443 1034 2468 autem
1052 2447 1121 2468 mos
1138 2436 1268 2477 patrius
1283 2435 1363 2474 fuit,
1378 2439 1416 2466 ut
1431 2435 1553 2467 Strabo
1569 2446 1622 2469 re-

921 2486 1001 2528 fert,
1015 2492 1052 2518 ut
1068 2487 1101 2517 in
1116 2486 1283 2526 Apollinis
1299 2485 1465 2517 sacrificio
1481 2490 1624 2527 quotan-

921 2538 972 2568 nis
989 2540 1119 2568 sontem
1142 2536 1300 2576 aliquem,
1316 2536 1512 2567 avertendae
1533 2537 1624 2568 Deo·

921 2597 994 2618 rum
1014 2587 1073 2617 irae
1089 2595 1200 2625 causa,
1226 2595 1243 2616 e
1271 2586 1393 2616 montis
1408 2587 1550 2626 specula
1565 2587 1622 2620 de-

164 2637 244 2667 tulit
264 2636 441 2677 Neapolis,
453 2647 534 2679 quos
547 2643 660 2671 tamen
677 2640 866 2672 rescribere
915 2637 1079 2678 jicerent·

172 2686 262 2716 tanti
278 2696 342 2718 non
358 2687 450 2719 duxi.

217 2740 280 2768 627
317 2737 488 2779 Fidi-Uero]
522 2737 670 2771 Saturno
703 2738 869 2782 adeoque,

963 2689 1025 2717 031
1054 2685 1159 2725 Illum]
1183 2684 1381 2724 Herculem,
1398 2685 1472 2718 scil.

963 2736 1120 2778 Quirites]
1154 2735 1224 2768 Per
1252 2735 1531 2777 anticipationem
1557 2737 1622 2769 Ro-
