1773 3121
186 168 302 209 2128
679 179 721 209 P.
753 177 913 209 ovmu
946 177 1159 210 NASONis

190 272 300 314 Huc
320 273 442 315 venit
461 272 674 314 incinctus
695 272 872 314 tunicas
892 276 1131 325 mercator3
1162 277 1206 314 et
1223 285 1332 314 urna
1559 271 1646 313 675

245 341 389 381 Purus
409 341 571 389 suffita‚·
590 353 722 393 quam
741 340 866 390 ferat,
885 340 1026 381 haurit
1047 354 1224 394 aquam.

187 406 292 450 Uda
311 409 362 449 fit
383 409 479 448 'nine
501 410 678 448 laurus:
709 409 835 448 lauro
857 412 1123 461 sparguntur
1145 409 1200 448 ab
1222 406 1310 448 uda

245 475 419 525 Omnia,
442 489 544 529 quae
567 476 764 516 dominos
785 478 885 516 sunt
904 476 1104 516 habitura
1123 487 1276 516 novos.

188 542 365 596 Spargit
385 548 429 584 et
449 544 548 596 ipse
573 557 679 584 suos
704 545 826 584 lauro
847 548 1014 584 rorante
1035 543 1248 596 capillos:

245 609 305 650 Et
325 611 495 663 peragit
517 611 650 652 solita
668 611 823 652 fallere
845 623 956 651 voce
976 622 1144 663 preces.
1562 605 1647 648 680

187 675 335 717 Ablue
357 679 565 731 praeteriti
584 678 778 731 perjuria
798 678 1019 730 temporis,
1040 677 1207 730 inquit:

245 743 394 784 Ablue
414 745 640 796 praeterita
659 743 826 796 perfida
845 744 980 783 verba
998 743 1082 782 die.

189 811 294 851 Sive
315 824 394 863 ego
416 814 458 850 te
478 810 562 850 feci
583 814 758 859 testem,
778 810 947 850 falsove
969 809 1105 861 citavi

247 876 292 917 N
296 889 350 917 on
371 876 559 917 audituri
577 876 757 917 numina
777 888 935 928 magna
953 874 982 916 J
987 875 1086 916 ovis
1102 887 1114 926 3

187 1003 215 1034 si
230 1003 371 1034 conducit
373 1003 473 1044 fidem
489 1003 598 1034 habere
613 1003 762 1043 expertis,
775 1002 865 1034 habet
876 1012 995 1034 numen.
1029 1001 1190 1033 Mercator
1203 1001 1316 1033 habens
1334 1001 1455 1032 tunicas
1464 1002 1580 1034 cinctas
1593 1002 1650 1034 huc

188 1047 316 1084 accedit,
329 1049 357 1076 et
370 1055 466 1085 purus·
479 1047 596 1085 promit
612 1056 689 1076 urna
703 1047 805 1087 suffita
820 1056 931 1086 aquam
946 1046 1180 1085 exportandam.
1226 1045 1348 1075 Laurus
1353 1045 1396 1085 fic
1415 1046 1484 1076 hinc
1500 1046 1623 1076 madida
1639 1058 1650 1077 .-

189 1089 289 1119 omm‘a
306 1098 373 1127 quse
389 1091 462 1119 sunt
488 1088 633 1119 habitura
655 1089 791 1119 dominos
812 1098 902 1119 novos
926 1089 1105 1127 irrigantur·
1126 1098 1144 1118 a
1168 1088 1254 1118 lauro
1270 1088 1407 1117 madida.
1451 1087 1520 1127 Ipse
1535 1097 1650 1127 quoque

189 1131 305 1161 irrorat
321 1131 421 1161 crines
435 1140 502 1160 suos
518 1132 603 1161 lauro
619 1131 767 1169 stillante,
782 1134 810 1161 et
825 1132 955 1162 absolvit
967 1141 1074 1171 preces
1088 1141 1156 1161 voce
1179 1133 1302 1160 assueta
1327 1130 1478 1170 decipere.
1524 1130 1649 1169 Pur—ga,

190 1173 301 1212 inquit,
315 1173 455 1212 perjuria
470 1173 615 1213 temporis
630 1175 765 1203 anteacti
778 1184 789 1209 ;
808 1183 913 1213 purga
928 1174 1012 1203 dicta
1023 1173 1145 1213 perfida
1167 1173 1230 1203 diei
1244 1172 1425 1211 praeteritae.
1469 1172 1533 1203 Seu
1547 1182 1603 1211 ego
1620 1175 1651 1202 te

189 1215 316 1246 adhibui
332 1219 454 1255 testem,
470 1216 516 1247 vel
531 1215 680 1256 appellati
697 1215 782 1253 falso
809 1225 922 1254 magna
945 1217 1075 1246 numina
1101 1215 1191 1245 Jovis
1210 1225 1269 1244 non
1296 1215 1436 1245 audituri
1447 1225 1459 1251 ‚·
1481 1224 1534 1245 seu
1551 1215 1650 1245 sciens

801 1307 1034 1319 ommeote

188 1378 385 1415 genu—675
410 1375 503 1406 Maz.
528 1375 660 1406 Zulich.
687 1374 790 1413 Laeti,
812 1377 883 1414 opt.
908 1372 1004 1411 Med.
1028 1383 1079 1413 pr.
1103 1371 1144 1404 A.
1169 1373 1272 1403 Voss.
1297 1376 1332 1403 et
1360 1372 1425 1403 duo
1451 1373 1491 1404 F.
1515 1373 1650 1413 tunicas,

192 1423 201 1436 ⁸
219 1418 367 1457 eleganti
385 1417 598 1448 Graecismo!
622 1417 736 1448 Heius.
759 1416 859 1456 Vulg.
883 1415 1008 1446 tunica:
1033 1416 1067 1446 in
1091 1425 1158 1446 uno
1180 1415 1271 1446 Mor.
1295 1418 1369 1446 erat
1391 1424 1452 1455 pro
1474 1424 1545 1446 var.
1569 1415 1653 1448 lect.

191 1461 339 1491 tunicam.
385 1460 467 1490 Tum
496 1469 581 1490 unus
609 1460 699 1491 Mor.
726 1463 873 1494 venatom
896 1461 1045 1490 ete—&6
1068 1458 1138 1489 Pro
1164 1468 1243 1489 urna
1269 1456 1388 1498 suffusa
1413 1458 1504 1498 lege,
1526 1458 1654 1499 suffita:

191 1513 268 1534 narn
279 1502 395 1534 Ursini
414 1503 725 1542 praestantissimus,
738 1504 891 1544 suffitum:
908 1501 1057 1541 optimus
1071 1500 1251 1531 Mediceus
1265 1510 1327 1540 pro
1343 1499 1478 1531 diversa
1489 1501 1652 1541 lectione,

191 1547 327 1587 suffitus.-
351 1545 512 1584 Naugerii
528 1545 629 1584 liber,
651 1545 804 1586 suffecta.-
828 1545 956 1575 Mazar.
973 1543 1103 1574 Zulich.
1130 1547 1166 1574 et
1191 1553 1276 1574 unus
1299 1542 1413 1574 Vatic.
1433 1544 1517 1585 suffit
1531 1553 1654 1583 aquam,

191 1590 273 1630 suffit
290 1591 321 1619 et
343 1587 448 1618 haurit
471 1598 603 1627 aquam:
627 1598 700 1628 quae
720 1588 946 1618 turbatissima
963 1591 1053 1617 sunt.
1099 1586 1169 1616 Pro
1197 1595 1288 1625 quam
1312 1586 1398 1624 gerit
1425 1585 1513 1616 idem
1539 1585 1656 1617 Ursini

191 1631 314 1669 codex,
329 1630 430 1668 ferit:
455 1635 551 1671 puto,
576 1641 665 1671 quam
688 1631 785 1670 gerit,
807 1640 927 1661 urnam
953 1639 1088 1669 nempe.
1113 1629 1335 1659 Heins.—680
1359 1628 1413 1659 Sic
1435 1628 1557 1668 scripti
1577 1627 1655 1659 fere

193 1683 308 1704 omnes
323 1684 330 1703 ε
356 1677 391 1704 at
409 1674 442 1704 in
457 1674 571 1704 multis
589 1673 675 1704 Edd.
700 1673 816 1714 Incipit
832 1676 862 1703 et
877 1673 931 1703 sol.
976 1671 1138 1703 Nonnulli
1153 1672 1253 1702 etiam
1272 1670 1380 1701 Codd.
1395 1671 1449 1702 sol.
1468 1671 1570 1702 dicere
1585 1681 1652 1702 voc.

162 1724 171 1727 ’
191 1719 298 1748 —682
322 1716 362 1746 In
386 1716 458 1746 aliis
483 1719 574 1756 proet.
595 1727 625 1756 p.
650 1726 678 1746 v.
693 1716 774 1757 fide.
830 1714 879 1746 At
905 1715 955 1745 die
984 1714 1105 1754 scripti
1133 1712 1205 1745 fere
1236 1722 1363 1752 omnes,
1386 1712 1476 1744 unde
1502 1713 1656 1754 Scaliger

192 1763 229 1790 et
258 1759 427 1790 Gruterus
457 1759 629 1799 proeteritae
653 1769 686 1799 p.
716 1769 745 1790 v.
775 1759 837 1798 die,
859 1767 921 1798 pro
951 1757 1034 1787 diei.-
1058 1757 1146 1788 Maz.
1174 1760 1210 1787 et
1237 1756 1368 1787 Zulich.
1389 1755 1553 1796 praeierito
1578 1756 1654 1788 die:

193 1802 314 1833 Heius.
339 1802 426 1842 conj.
447 1802 622 1842 prateritis
646 1812 677 1841 p.
694 1812 723 1833 υ.
746 1802 834 1833 Deis.
879 1801 888 1818 ‘
906 1799 1207 1831 Slichtenhorstius
1224 1798 1373 1840 legebat,
1390 1798 1478 1829 ablue
1500 1801 1654 1838 praeterea

189 1851 223 1883 152
239 1855 266 1874 ι’.
281 1844 360 1886 fide.
407 1845 516 1875 Locus
533 1849 586 1875 est
602 1845 790 1875 intricatus.
837 1843 1010 1874 Proeterz'ta
1023 1842 1093 1884 fide
1109 1843 1137 1873 si
1157 1842 1265 1882 legas,
1288 1841 1562 1881 conjungendum
1576 1850 1654 1872 cum

193 1887 308 1922 verbm
341 1890 379 1917 ut
407 1887 475 1918 sint
499 1887 592 1917 verba
615 1888 778 1926 praeterita
797 1886 864 1928 fide
886 1886 1016 1927 perfida,
1039 1895 1114 1925 quae
1142 1894 1210 1915 non
1239 1889 1360 1915 curant
1385 1883 1502 1922 fidem;
1536 1887 1576 1915 ut
1603 1883 1654 1914 ita

192 1929 373 1968 praeteritus
386 1931 484 1968 pudor
500 1928 577 1960 Am.
595 1939 649 1961 ιιι.
668 1933 697 1959 l.
717 1932 769 1961 22.
786 1934 822 1960 et
837 1929 941 1959 'ri-ist.
959 1937 1000 1959 11.
1015 1931 1089 1960 411.
1115 1927 1142 1958 si
1167 1936 1248 1958 vero
1274 1927 1420 1966 legatur,
1444 1930 1484 1957 ut
1499 1926 1532 1956 in
1549 1925 1655 1965 pluri-

192 1972 266 2006 mis,
281 1973 342 2010 die,
366 1981 525 2012 caperem
542 1972 754 2011 praeteritam
771 1972 860 2002 diem
877 1971 918 2001 de
934 1980 1091 2010 vespera,
1116 1979 1181 2010 quo
1198 1969 1333 2000 videtur
1347 1968 1397 1999 his
1414 1967 1519 1999 sacris
1534 1977 1654 2007 opera-

194 2017 249 2043 tus
267 2014 464 2051 Mercator-3
487 2014 576 2054 quod
593 2014 813 2044 confirmatur
829 2023 872 2044 ex
895 2013 1132 2053 sequentibus,
1153 2015 1183 2042 et
1198 2014 1328 2052 pateant
1349 2011 1486 2041 veniente
1514 2010 1565 2040 die
1583 2019 1655 2050 per.

185 2055 277 2093 juria
292 2056 396 2086 nobis:
422 2062 460 2087 ut
476 2060 587 2095 roget,
611 2056 674 2086 sibi
693 2057 765 2096 jam
782 2056 926 2092 expiatis
944 2055 1103 2094 perjuriis
1132 2054 1298 2093 praeteriti
1321 2051 1483 2092 temporis
1511 2061 1653 2093 vespera

193 2098 317 2128 iterum
336 2099 511 2138 perjurare
526 2099 630 2128 licere
647 2103 783 2137 postero
801 2098 867 2128 die.
913 2097 969 2127 Sin
985 2096 1146 2135 Scaligeri
1169 2095 1339 2135 prceteritae
1363 2094 1412 2124 die
1429 2094 1575 2135 placeat,
1598 2104 1654 2126 ca-

195 2140 356 2181 piendum
381 2147 417 2171 ut
433 2143 551 2180 tempus
567 2145 602 2170 et
617 2141 683 2170 (lies
709 2140 761 2170 hic
792 2144 946 2179 ponatur,
970 2144 1007 2169 ut
1023 2137 1155 2169 Graccis
1181 2136 1292 2177 χρονὸς
1316 2140 1352 2167 et
1380 2136 1493 2177 καιρὸς,
1515 2136 1558 2168 de
1585 2147 1652 2177 quo

196 2183 325 2223 egimus
341 2183 383 2213 ad
402 2183 564 2215 Quinctil.
594 2182 636 2212 de
662 2182 777 2212 Instit.
805 2182 903 2212 Orat.
928 2189 981 2211 ιιι.
1005 2190 1078 2220 cap.
1103 2183 1134 2210 6.
1159 2186 1195 2210 et
1222 2179 1382 2210 Fanensis
1401 2179 1474 2219 jam
1491 2180 1572 2210 diem
1598 2180 1654 2211 hic

195 2225 497 2256 indeterminatum
523 2230 657 2263 tempus
673 2234 746 2255 esse
763 2223 915 2254 notavit!
942 2224 1156 2254 Barim—683
1181 2222 1237 2252 Fr.
1260 2224 1333 2252 test.
1349 2221 1414 2259 fec.
1436 2223 1572 2252 inverso
1600 2231 1656 2253 or·

197 2267 287 2299 dine.
331 2268 416 2298 Turn
434 2267 474 2299 A.
493 2267 783 2307 alterfulsumque;
808 2271 843 2297 et
859 2275 942 2296 unus
953 2264 1130 2305 salsumque
1144 2264 1259 2295 vocari.
1292 2263 1363 2294 Alii
1379 2264 1481 2295 etiarn
1495 2264 1654 2295 vocavi.—

197 2312 260 2341 684
286 2309 324 2341 [n
341 2314 425 2342 vett.
442 2309 643 2351 quibusdam
673 2311 743 2340 Non
768 2310 912 2340 audituro
938 2308 1063 2338 numina
1087 2317 1166 2338 tuna
1181 2307 1273 2337 Jovi:
1295 2306 1329 2336 in
1345 2306 1491 2347 vulgatis
1513 2306 1655 2338 audituri

197 2352 320 2383 nomina
336 2363 414 2384 vana
430 2353 536 2384 Jovis:
560 2358 594 2384 et
610 2351 736 2384 numina
760 2361 873 2391 magna
889 2351 1009 2382 Heins-
1037 2349 1135 2381 dedit
1162 2359 1205 2380 ex
1230 2352 1301 2389 opt.
1327 2348 1405 2380 Pat.
1430 2359 1482 2390 pr.
1506 2350 1544 2382 F.
1560 2349 1653 2381 Maz.

858 2457 1001 2490 NOTAE

241 2535 303 2563 675
330 2532 502 2572 Inductus]
525 2532 594 2563 Pro
610 2533 718 2564 veteri
734 2537 900 2564 mercato·
995 2535 1058 2563 678
1075 2531 1155 2563 Sunt
1167 2531 1326 2571 habitura]
1351 2530 1463 2572 Atque
1479 2530 1566 2562 adeo
1578 2540 1655 2573 quae

199 2591 273 2613 rum
284 2582 413 2620 habitu,
427 2583 535 2623 quiex
547 2583 681 2622 cingulo
694 2583 900 2624 marsupium
953 2587 1161 2614 mercatores
1179 2582 1308 2614 habent
1323 2582 1467 2613 venalia.
1583 2582 1586 2583 ⁷

199 2632 273 2664 auri
289 2633 469 2663 monetalis
484 2631 653 2664 ferebant.
997 2636 1060 2664 680
1085 2634 1186 2664 Solita
1198 2633 1327 2674 fallere]
1350 2632 1404 2663 Ad
1419 2632 1656 2672 imitationem,

242 2685 306 2714 676
331 2682 455 2724 Suffita]
476 2682 597 2714 Suffitu
610 2687 764 2724 purgata.
955 2684 1028 2715 scil.
1065 2683 1243 2724 Mercurii,
1278 2683 1336 2725 qui
1371 2682 1484 2715 furum
1520 2691 1655 2725 quoque

244 2735 306 2764 677
332 2733 434 2774 Hinc]
456 2734 581 2765 Exliac
597 2743 695 2776 aqua.
955 2734 1065 2766 Deus.
