1773 3121
244 254 356 296 1954
730 267 772 297 Ρ.
805 266 962 296 ovum
996 267 1208 298 NASONIS

245 359 356 401 Cum
377 373 484 413 pare
507 373 691 414 quaeque
712 373 791 402 suo
814 362 975 403 coeunt
993 364 1272 416 volucresque
1292 362 1493 416 fereeque.

301 426 448 480 Atque
468 428 674 480 aliquam,
696 428 750 468 de
772 442 858 482 qua
878 433 1091 483 procreet,
1113 429 1266 482 anguis
1287 430 1432 471 habet.
1477 457 1479 460 -

244 492 466 534 Extremis
488 493 642 534 dantur
662 496 881 536 connubia
902 497 1099 548 gentibus
1117 509 1126 537 ε
1160 501 1218 546 at,
1241 510 1340 550 quae
1611 493 1696 535 195

302 559 505 601 Romano
526 561 657 602 vellet
675 562 854 612 nubere,
875 562 996 602 nulla
1015 563 1108 603 fuit.

243 625 444 678 Indolui;
475 628 751 681 patriamque
770 629 869 669 dedi
887 630 981 678 tibi,
1005 629 1208 679 Romule,
1231 631 1427 670 mentem.

300 692 425 733 Tolle
443 707 615 747 preces,
637 695 731 735 dixi
749 709 758 736 :
791 695 908 748 quod
929 697 1056 748 petis,
1078 709 1199 736 arma
1220 696 1400 736 dabunt.

244 758 381 801 Festa
400 774 509 813 para
530 761 676 802 Conso
695 777 704 802 ε
736 762 906 802 Consus
927 764 1005 803 tibi
1028 768 1174 803 cetera
1195 763 1338 814 dicet3

300 826 408 880 Ipso
430 828 543 868 festa
564 828 633 867 die
654 828 754 867 dum
775 841 856 868 sua
879 841 1005 868 sacra
1025 841 1173 869 canes.
1612 828 1697 868 200

243 891 492 934 Intumuere
515 893 668 941 Cures,
692 898 736 932 et
757 906 867 946 quos
888 893 1008 933 dolor
1030 894 1168 945 attigit
1188 895 1319 935 idem.

299 959 412 999 Tum
435 961 619 1012 primum
640 959 803 1011 generis
821 960 965 1000 intulit
987 972 1107 1000 arma
1130 973 1265 1001 socer.

241 1023 431 1079 Jamque
452 1027 542 1067 fere
563 1031 702 1080 raptae
726 1030 910 1067 matrum
933 1040 1110 1079 quoque
1131 1039 1285 1067 nomen
1304 1026 1552 1080 habebant3

300 1093 549 1147 Tractaque
569 1098 688 1135 erant
708 1094 838 1147 longa
856 1095 974 1136 bella
990 1094 1240 1148 propinqua
1259 1107 1396 1136 mora.

235 1211 414 1250 junguntur
428 1213 560 1250 singulae
575 1224 642 1244 cum
656 1224 710 1244 suo
724 1224 799 1253 pare
808 1225 819 1251 ;
842 1219 872 1245 et
888 1225 1011 1254 serpens
1025 1215 1115 1245 habet
1130 1215 1266 1254 aliquam
1281 1217 1319 1245 de
1342 1225 1402 1255 qua
1417 1213 1545 1246 sobolem
1557 1218 1697 1253 generet.

246 1254 401 1293 Conjugz'a
415 1256 619 1285 conceduntur
640 1256 759 1286 ultimis
772 1256 969 1293 nationibus5
991 1261 1024 1287 at
1045 1258 1130 1286 nulla
1146 1257 1215 1294 fuit
1241 1267 1307 1295 quae
1330 1258 1419 1287 vellet
1434 1257 1530 1296 jungi
1548 1257 1697 1288 Romano.

242 1295 398 1335 Intumui,
411 1299 439 1326 et
456 1297 570 1328 immisi
585 1297 644 1327 tibi
659 1298 793 1328 animum
804 1298 955 1337 patrium,
974 1299 1121 1329 Romule:
1146 1299 1240 1328 Mitte
1255 1308 1356 1336 orare,
1370 1299 1440 1328 dixi
1453 1309 1464 1334 ;
1484 1309 1570 1329 arma
1582 1299 1699 1338 praebe-

244 1337 320 1368 bunt
335 1340 412 1378 quod
426 1339 533 1378 poscis.
579 1341 707 1370 Adorna
715 1339 801 1378 festa
820 1341 936 1370 Conso:
963 1341 1080 1371 Consus
1093 1340 1211 1370 docebit
1224 1344 1253 1370 te
1268 1340 1388 1379 reliqua
1407 1341 1472 1379 ipso
1488 1341 1537 1370 dz'e
1552 1350 1608 1380 quo
1623 1340 1699 1371 cele-

242 1379 344 1410 brabis
364 1391 419 1410 sua
434 1381 626 1417 sacrafesta.
673 1383 780 1420 Cures,
797 1385 887 1421 atque
903 1383 926 1412 z'z'
941 1392 1014 1422 quos
1025 1383 1105 1413 idem
1121 1383 1205 1412 dolor
1225 1383 1340 1413 invasit
1353 1384 1607 1413 insurrexerunt:
1632 1387 1698 1413 tum

240 1422 379 1461 primum
392 1432 475 1452 socer
489 1424 624 1453 admovit
638 1433 725 1453 arma
737 1425 870 1461 generis.
915 1425 1046 1463 Jamque
1059 1423 1130 1460 fere
1156 1435 1222 1463 quoe
1245 1424 1372 1454 sublatoe
1392 1424 1520 1463 fuerunt
1547 1423 1698 1455 habebant

241 1464 336 1495 etiam
347 1474 456 1494 nomen
468 1469 621 1501 malrum;
631 1468 661 1495 et
674 1465 751 1495 bella
762 1468 893 1503 cognata
906 1469 994 1495 erant
1006 1467 1097 1495 ducta
1108 1465 1140 1494 in
1153 1467 1274 1503 longum
1283 1466 1427 1504 spatium.
1451 1467 1583 1496 Maritae
1592 1466 1700 1497 coeunt

854 1545 1087 1557 “cmv-‘vvest

244 1605 350 1634 -192
374 1603 530 1635 Quatuor
547 1603 622 1634 libri
639 1614 735 1644 parra
753 1613 814 1644 pro
825 1605 1039 1643 panem—194
1061 1603 1142 1635 Jun.
1155 1603 1229 1642 Atq.
1242 1603 1361 1643 aliquid
1373 1604 1404 1634 d.
1420 1613 1476 1644 quo
1489 1613 1590 1644 procu
1613 1605 1701 1636 Tum

243 1646 341 1676 Voss
366 1646 431 1676 aris
447 1646 516 1677 hab.
542 1647 663 1677 Heius.
687 1647 774 1687 conj.
793 1655 853 1686 pro
869 1647 1048 1676 alea—195
1077 1646 1237 1676 Extremis
1260 1645 1453 1686 legendum,
1480 1651 1516 1677 ut
1543 1646 1698 1678 meliores

242 1687 332 1718 libri.
350 1688 460 1719 Heius.
486 1688 556 1719 Alii
571 1690 842 1719 Exterm's.—-200
858 1688 948 1719 Olim
966 1687 1144 1727 legebatur
1164 1687 1316 1725 lllosesia
1332 1692 1368 1719 et
1388 1698 1466 1720 sacr.
1481 1688 1577 1726 faci-3.
1610 1689 1700 1721 Dein

244 1729 351 1761 Liber
375 1732 459 1762 Stat.
493 1741 595 1762 cauus.
639 1731 716 1762 Duo
745 1731 856 1761 Vatic.
884 1734 919 1760 et
948 1730 1059 1760 Ursin.
1083 1740 1192 1767 canes;
1216 1730 1346 1770 melius,
1375 1734 1413 1764 ut
1444 1736 1538 1771 puto.
1574 1730 1699 1769 Ciosan.

244 1771 372 1812 Scripti
389 1773 637 1813 praestantioris
653 1778 743 1805 notae
761 1783 825 1804 non
843 1772 956 1812 pauci,
982 1772 1052 1811 Illa,
1071 1773 1122 1802 vel
1141 1772 1309 1812 Illofacta‚
1332 1777 1366 1803 et
1380 1783 1450 1804 cum
1464 1782 1573 1804 canes:
1597 1783 1701 1814 quan-

245 1824 344 1854 quam
368 1816 518 1846 nonnulli
546 1816 746 1846 recentioris
762 1820 863 1854 notae,
885 1824 988 1853 cauas,
1004 1814 1101 1853 Ῐαείε,
1124 1816 1216 1854 coles,
1240 1819 1275 1846 et
1292 1815 1433 1855 similia3
1457 1825 1559 1856 quare
1582 1816 1700 1856 possis,

245 1856 300 1887 illa
314 1860 404 1897 gesta
419 1858 479 1889 die.
523 1857 590 1889 Sed
608 1868 682 1889 cum
701 1858 793 1896 facta
815 1857 858 1888 sit
875 1857 909 1887 in
926 1856 1178 1895 vetustioribus,
1200 1857 1364 1888 assentior
1380 1857 1553 1889 Gronovio
1569 1862 1699 1897 nostro,

247 1899 305 1938 qui
335 1900 621 1931 Observationum
648 1900 806 1931 editionis
834 1900 966 1930 iteratae
995 1899 1053 1930 lib.
1076 1908 1115 1930 11.
1141 1902 1194 1931 21.
1221 1900 1370 1940 reponit,
1395 1904 1495 1938 canet,
1517 1910 1580 1940 pro
1601 1910 1700 1932 canes.

246 1941 364 1972 Scribe
381 1942 484 1982 igitur
501 1946 621 1983 arguto
638 1943 793 1973 acumine
809 1953 817 1973 2
842 1942 959 1972 Consus
973 1940 1032 1971 tibi
1047 1944 1147 1972 cetera
1162 1941 1254 1980 dicet,
1279 1942 1341 1972 Illa
1357 1941 1450 1979 facta
1476 1943 1526 1972 die
1551 1952 1618 1972 cum
1643 1952 1700 1972 sua

245 1993 333 2014 sacra
349 1988 455 2014 canet.-
478 1994 554 2015 nam
571 1985 679 2024 ipsum
697 1985 842 2015 Consum
859 1984 930 2014 haec
946 1986 1141 2013 narrantem
1170 1983 1408 2014 introduxerat
1432 1983 1550 2013 Sextili
1572 1992 1698 2015 mense..

248 2025 359 2056 Heius.
407 2027 505 2057 Canes
531 2026 685 2057 defendit
711 2027 761 2056 Cl.
793 2026 905 2056 Periz.
931 2024 974 2055 ad
999 2024 1128 2055 Sanctii
1156 2024 1301 2055 Minerv.
1325 2033 1366 2055 11.
1400 2027 1448 2056 12.
1483 2027 1618 2056 1.-202
1643 2026 1698 2057 Fr.

905 2119 1044 2150 NOTAE

292 2194 352 2222 193
378 2193 457 2223 Cum
470 2192 560 2233 pare]
587 2193 714 2224 Addita
730 2194 803 2224 haec
820 2193 862 2223 ad
879 2193 946 2224 Ro·
1001 2193 1068 2224 sius
1085 2202 1143 2224 seu
1161 2194 1231 2224 ludi
1248 2197 1299 2226 18.
1324 2193 1471 2234 Augusti
1498 2193 1596 2225 mulis
1611 2195 1700 2226 cele-

248 2241 329 2271 muli
344 2243 618 2281 excusationem3
645 2249 681 2274 ut
699 2243 741 2274 ad
767 2243 946 2283 rapiendas
1001 2243 1200 2275 brabantur.

248 2290 386 2322 Sabinas
402 2293 605 2324 necessitate
628 2293 818 2334 compulsus
836 2293 947 2323 videa·
1044 2296 1105 2324 201
1132 2294 1324 2334 Intumuere]
1346 2294 1486 2335 Dolore,
1511 2295 1582 2326 scil.
1609 2295 1699 2337 quod

251 2344 316 2371 tur.
1001 2347 1106 2383 raptae
1124 2348 1236 2374 essent
1254 2354 1321 2374 suae
1340 2345 1472 2383 puellae.

294 2393 353 2422 197
391 2392 550 2433 Patriam]
589 2394 635 2424 Ut
674 2393 825 2435 adeoque
857 2394 946 2434 quod
1046 2395 1158 2435 Cures]
1178 2394 1292 2424 Sabini
1311 2394 1454 2425 Curibus
1468 2394 1614 2425 oriundi.

248 2445 390 2479 cuperet
417 2442 450 2472 vi
477 2443 590 2482 potius
606 2453 705 2484 quam
730 2443 821 2474 vanis
838 2444 946 2484 preci·
1046 2445 1144 2484 Quos]
1161 2445 1405 2482 Cenninenses,
1422 2445 1492 2476 scil.
1507 2445 1701 2476 Crustume-

248 2488 309 2520 bus
326 2498 604 2531 consequeretur.
1001 2494 1077 2532 riui,
1092 2499 1128 2524 et
1155 2493 1384 2532 Antennates‚
1405 2498 1443 2524 ut
1468 2502 1510 2522 ex
1527 2493 1624 2524 Livio
1642 2504 1699 2535 ap-

293 2541 354 2570 199
390 2540 503 2578 Conso]
538 2542 639 2572 Hunc
664 2542 824 2581 Consum,
847 2552 946 2583 quem
1002 2548 1110 2582 paret.

249 2592 284 2619 et
301 2589 496 2628 Neptunum
514 2596 706 2630 equestrem
728 2597 947 2629 vocaverunt,
1043 2595 1106 2622 203
1131 2592 1287 2632 Matrum]
1314 2593 1533 2632 Pepercrant,
1547 2594 1620 2625 scil.

248 2647 373 2668 numen
388 2637 491 2669 fuisse
507 2640 623 2670 volunt
639 2641 870 2679 consiliorum3
894 2652 948 2672 cu-
1043 2645 1105 2673 204
1128 2642 1252 2683 Longa]
1276 2643 1473 2673 Triennium
1496 2645 1582 2675 enim
1599 2645 1699 2677 dura-

244 2688 301 2728 jus
316 2697 375 2719 ara
390 2689 423 2719 in
449 2689 546 2720 Circo
572 2691 731 2729 maximo,
745 2691 835 2730 quod
862 2691 948 2721 scili·
1001 2692 1049 2723 vit
1066 2692 1188 2723 bellum
1217 2694 1407 2734 priusquam
1434 2700 1604 2735 raptarum
1623 2706 1699 2737 pre·
1761 2702 1764 2715 ¹

250 2742 307 2769 cet
322 2739 461 2770 consilia
476 2740 621 2771 debeant
637 2750 710 2771 esse
726 2740 870 2779 occulta,
886 2740 948 2771 sub
1002 2742 1097 2772 cibus
1112 2749 1383 2782 componeretur.

1763 2639 1773 2695 ἕ,

1761 2718 1764 2733 l

1759 2739 1763 2784 l

252 2792 345 2819 terra
373 2789 617 2821 occultabatur.
670 2791 772 2822 Festa
794 2800 875 2821 vero
899 2790 948 2830 ip·
1045 2791 1240 2833 Propinqua]
1266 2793 1351 2825 Qum
1376 2793 1467 2825 inter
1492 2793 1696 2836 propinquos
1756 2801 1773 2849 {l

1756 2850 1773 2879 ἓ,

1752 2910 1757 2953 l

1744 3105 1750 3121 J

1768 3105 1773 3121 l
