1773 3121
229 230 343 272 1804

228 338 314 379 Per
332 337 514 388 totidem
534 349 705 377 menses
727 349 753 377 a
770 335 918 377 funere
939 335 1142 390 conjugis
1160 347 1276 375 uxor

713 240 755 270 P.
789 238 946 269 OVIDll
980 236 1194 269 NASONIS

1630 331 1689 372 35

288 406 488 447 Sustinet
504 406 549 446 in
570 406 703 445 vidua
725 405 868 445 tristia
888 405 1014 457 signa
1033 403 1178 445 domo.

231 472 336 514 Hoc
358 474 488 526 igitur
507 472 616 514 vidit
635 473 825 514 trabeati
846 484 950 512 cura.
972 470 1160 521 Quirini,

287 539 398 581 Cum
420 541 599 581 rudibus
619 541 797 594 populis
817 552 964 580 annua
978 539 1080 592 jura
1101 538 1238 580 daret.

231 605 389 648 Martis
411 613 502 649 erat
521 609 686 662 primus
705 608 884 657 mensis,
905 607 1178 660 Venerisque
1200 603 1440 648 secundus:

289 674 404 716 Haec
426 677 595 727 generis
616 676 837 729 princeps,
857 675 996 728 ipsius
1017 674 1088 715 ille
1109 678 1250 728 pater.

1631 669 1689 728 40

1653 731 1690 742 ι...

227 741 402 783 Tertius
424 756 449 783 a
471 743 676 792 Senibus,
696 741 916 783 Juvenum
938 741 992 781 de
1012 741 1183 781 nomine
1202 743 1383 794 quartus
1401 752 1411 780 z

288 808 402 858 Quae
424 811 633 862 sequitur,
661 821 838 849 numero
860 808 986 848 turba
1006 812 1158 849 notata
1182 808 1279 848 suit.

230 874 292 916 At
312 875 460 916 Numa
481 889 563 916 nec
585 875 612 915 J
619 888 761 924 anum,
778 888 856 915 nec
878 875 1021 915 avitas
1044 876 1244 927 praeterit
1263 874 1461 924 umbras3

288 941 518 983 Mensibus
540 943 731 995 antiquis
755 942 1047 995 apposuitque
1069 942 1191 983 duos.

228 1068 263 1099 in
277 1077 401 1098 anuum.
428 1067 550 1107 Coujua·
565 1068 676 1098 tolerat
685 1077 742 1108 per
757 1068 886 1099 totidem
901 1077 1019 1099 menses
1030 1067 1174 1107 lugubria
1190 1067 1305 1099 indicia
1319 1068 1354 1098 in
1368 1068 1455 1098 (imno
1470 1066 1544 1098 orba
1558 1076 1578 1097 a
1592 1068 1691 1097 morte

229 1110 351 1142 mariti.
399 1110 487 1140 Mens
501 1120 574 1149 ergo
593 1111 716 1141 Romuli
732 1111 865 1141 trabeati
880 1112 963 1141 istud
978 1111 1127 1150 adi-ertit,
1152 1121 1219 1141 cum
1235 1112 1350 1142 diceret
1357 1110 1436 1149 jura
1450 1119 1552 1141 annua
1565 1108 1689 1149 populis

229 1152 414 1191 agrestibus.
460 1152 587 1182 Primus
603 1153 711 1183 mensis
723 1156 790 1183 erat
805 1153 935 1190 Martis,
957 1157 986 1183 et
999 1155 1147 1184 secundus
1163 1154 1192 1185 V
1191 1153 1309 1184 eneris:
1332 1153 1397 1184 laec
1407 1156 1507 1184 mater
1516 1151 1694 1192 progeniei,

225 1196 279 1225 ille
287 1198 378 1234 pater
393 1195 497 1235 ipsius.
532 1195 656 1225 Tertius
662 1195 731 1232 fnit
747 1195 848 1225 dictus
863 1206 880 1225 a
896 1195 1035 1231 Senibus,
1051 1199 1180 1235 quartus
1194 1197 1231 1226 de
1246 1196 1367 1226 nomine
1381 1196 1536 1226 Juvenum
1551 1205 1563 1232 ;
1578 1202 1690 1233 agmen

230 1238 397 1268 mensium
420 1237 499 1277 quod
522 1237 662 1276 seqnitur
677 1237 747 1275 suit
763 1238 922 1277 signatum
938 1247 1075 1269 numero.
1121 1239 1165 1268 At
1191 1239 1296 1268 Numa
1318 1247 1412 1278 neque
1437 1237 1541 1268 omisit
1563 1237 1694 1274 Janum,

229 1289 323 1320 neque
338 1280 450 1311 Manes
464 1279 585 1317 avitos5
607 1283 637 1311 et
660 1280 783 1311 addidit
808 1281 883 1310 duos
909 1290 1023 1311 menses
1049 1281 1196 1321 antiquis.

843 1362 956 1373 ‘‘‘‘‘‘

1285 1281 1336 1312 Ne
1360 1284 1462 1311 tamen
1477 1279 1596 1311 nescias
1612 1278 1691 1318 jura

961 1362 1076 1373 ““““

231 1417 307 1448 dice
320 1417 525 1448 Heius—37
546 1418 614 1449 Hoc
629 1417 748 1449 Heius.
759 1418 854 1449 dedit
871 1427 912 1448 ex
925 1418 1041 1449 multis
1053 1417 1190 1458 scriptis
1202 1422 1236 1449 et
1249 1417 1351 1449 editis
1363 1427 1425 1458 pro
1441 1417 1533 1457 vulg.
1546 1415 1639 1455 Haec,
1652 1420 1692 1447 ut

230 1460 358 1490 vitetur
383 1460 684 1500 ambiguitas—44
710 1460 802 1491 Olim
831 1460 997 1492 edebatur
1024 1464 1089 1491 ant.
1105 1461 1227 1491 addidit
1242 1461 1296 1490 ille
1325 1461 1379 1491 du.
1408 1459 1524 1490 Heius.
1551 1459 1687 1499 recepit

230 1502 429 1543 opposuitque
454 1512 496 1534 ex
520 1503 651 1534 duobus
668 1503 705 1534 F.
722 1513 788 1534 uno
805 1503 898 1534 Med.
916 1509 951 1535 et
969 1503 1155 1544 Gottorph.
1172 1503 1269 1534 mulli
1285 1502 1415 1534 habent
1433 1501 1637 1542 praeposuitq.
1653 1505 1691 1532 et

886 1605 1025 1636 NOTAE

231 1678 509 1710 constituendum
526 1678 584 1710 illa
600 1683 653 1710 est
669 1678 768 1709 ratio.

272 1731 314 1759 36
360 1728 515 1768 Sustinet]
568 1728 668 1761 Quod
698 1738 741 1760 ex
778 1731 931 1768 tempore

229 1779 421 1810 desumtum
437 1780 567 1819 volunt,
584 1788 649 1821 quo
672 1779 706 1810 in
731 1783 827 1810 utero
846 1779 932 1810 latet

228 1828 353 1861 infans.

274 1878 390 1920 Signa]
417 1880 540 1910 Vestes
571 1883 655 1919 puta
678 1878 848 1918 lugubres,
874 1887 930 1908 eu-

231 1937 458 1969 pressos,quoe
474 1933 684 1959 mortuorum
693 1926 846 1957 domibus
860 1925 930 1957 affi-

232 1978 410 2019 gebantur.

273 2030 314 2058 37
332 2027 494 2067 Trabeatz']
522 2027 661 2058 Scilicet
684 2025 860 2065 Romulus,
875 2025 930 2065 qui

231 2080 266 2108 et
307 2077 469 2110 Quirinus
507 2082 583 2117 post
618 2076 690 2107 fata
726 2076 931 2116 appellatus,

231 2126 360 2166 trabea,
378 2132 413 2156 ut
430 2136 545 2167 regem
561 2126 688 2165 decuit,
699 2125 765 2156 fuit
779 2131 929 2157 ornatus.

232 2177 433 2217 Quanquam
463 2175 650 2217 cujusmodi
679 2175 784 2207 fuerit
807 2175 930 2215 jucun-

231 2226 311 2257 dum
328 2230 418 2257 esset
438 2235 588 2257 cernere.

274 2279 316 2307 38
337 2275 465 2316 Annua]
496 2276 580 2308 Quae
597 2275 637 2307 ad
663 2277 741 2307 anni
764 2277 930 2309 rationem

229 2330 437 2367 spectarent.

274 2378 316 2406 39
339 2375 472 2415 Martis]
508 2375 638 2416 Utpote
663 2376 720 2417 qui
744 2386 809 2408 non
832 2378 931 2410 modo

231 2426 409 2458 Romulum
432 2426 620 2466 genuisset,
637 2427 697 2457 sed
720 2427 852 2467 imperii
870 2429 934 2459 Ro-

230 2476 319 2507 mani
335 2474 554 2506 fundamenta
572 2477 751 2516 posuisset.

279 2526 420 2566 Veneris]
473 2526 612 2557 Dictum
656 2536 776 2566 nempe
815 2529 932 2559 volunt

231 2576 385 2616 Aprilem,
393 2576 488 2616 quasi
500 2576 674 2616 Apltrilem,
683 2577 724 2607 ab
737 2576 831 2616 ἀφρὸς
841 2578 931 2617 quod

233 2631 287 2658 est
301 2636 422 2667 spuma,
436 2627 524 2657 unde
538 2631 616 2657 nata
629 2626 755 2666 Venus,
766 2637 840 2668 quae
854 2627 930 2658 ideo

231 2676 404 2718 Aphrodite
417 2677 598 2717 appellata.
642 2677 768 2707 Verum
781 2676 824 2707 ad
837 2677 930 2717 plau-

233 2727 381 2758 dendum
411 2726 613 2766 Caesaribus,
640 2727 698 2767 qui
727 2736 770 2757 ex
794 2726 930 2758 Venere

234 2787 295 2817 per
319 2776 428 2808 Iulum
444 2781 545 2819 atque
561 2776 690 2808 AEneau
706 2776 837 2808 natales
853 2786 930 2808 suos

988 1677 1207 1717 repetebant,
1229 1675 1378 1709 conficta
1397 1686 1438 1708 ea
1459 1675 1596 1707 videtur
1618 1679 1692 1717 ety-

987 1727 1153 1768 mologia;
1177 1737 1277 1769 quam
1301 1727 1356 1758 alii
1381 1726 1423 1758 ab
1443 1726 1606 1767 aperiendo
1631 1729 1692 1757 aut

987 1778 1030 1809 ab
1046 1788 1121 1819 apro
1139 1778 1253 1819 potius
1274 1778 1523 1817 desnmserunt,
1537 1779 1576 1807 ut
1595 1775 1690 1807 vide·

986 1828 1079 1859 bitur
1096 1838 1155 1859 suo
1177 1829 1262 1859 loco.

1020 1880 1062 1908 40
1075 1878 1221 1917 Generis]
1233 1877 1389 1916 Romani,
1398 1876 1693 1917 scilicet,propter

986 1929 1152 1959 caesares.
1199 1928 1314 1959 Quare
1342 1926 1514 1958 Martialis
1538 1925 1580 1957 ad
1609 1927 1692 1957 Vul-

985 1988 1104 2009 canum
1119 1990 1126 2009 :
1152 1980 1160 1996 ‘
1175 1978 1299 2017 Parce,
1311 1987 1424 2009 sumus
1437 1977 1561 2008 Martis
1574 1977 1691 2019 turba,

985 2030 1043 2060 sed
1061 2034 1095 2060 et
1113 2029 1280 2060 Veneris.'
1733 2069 1736 2072 η

1026 2083 1066 2111 41
1096 2079 1232 2119 Tertius]
1263 2079 1375 2110 Mensi
1403 2079 1496 2110 Maio
1521 2088 1541 2110 a
1561 2078 1694 2120 majori-

985 2129 1060 2169 bus,
1076 2130 1177 2161 sicuti
1192 2130 1296 2162 Junio
1311 2129 1543 2170 ajunioribus,
1554 2129 1690 2162 honoris

985 2180 1106 2219 gratia,
1128 2189 1252 2210 nomen
1267 2179 1464 2220 impositum
1485 2179 1582 2220 dicit,
1598 2183 1691 2220 post·

985 2239 1084 2270 quam
1098 2229 1261 2260 Romulus
1275 2230 1438 2270 populum
1451 2229 1484 2261 in
1497 2230 1644 2271 majores
1653 2233 1690 2262 et

977 2279 1131 2319 juniores
1147 2280 1330 2311 divisisset.

1026 2332 1067 2360 42
1085 2329 1235 2369 Numero]
1252 2330 1404 2365 Quintilis
1415 2339 1536 2371 nempe
1550 2329 1690 2371 quintus
1732 2369 1736 2372 ⁵

984 2380 1107 2410 mensis
1139 2380 1354 2420 appellatus;
1394 2380 1527 2412 Sextilis
1552 2384 1691 2420 sextus3

986 2429 1148 2469 septimus
1172 2429 1363 2469 September,
1379 2431 1444 2461 &c.
1488 2431 1689 2471 Quanquam

986 2484 1107 2519 postea
1144 2480 1304 2512 Quintilis
1343 2480 1386 2510 ab
1419 2480 1513 2512 Julio
1551 2480 1688 2512 Caesare

985 2529 1101 2568 Julius,
1121 2529 1258 2559 Sextilis
1284 2529 1326 2559 ab
1342 2528 1500 2569 Augusto
1523 2530 1690 2569 Augustus
1734 2542 1735 2545 ¹

986 2579 1098 2610 dictus
1116 2585 1180 2610 est.
1366 2576 1372 2583 '

1027 2632 1068 2660 43
1087 2629 1206 2668 Numa]
1244 2629 1311 2662 Qui
1328 2629 1496 2660 secundus
1519 2629 1688 2662 Romano·

986 2687 1058 2708 rum
1076 2687 1135 2708 rex
1148 2676 1225 2710 fuit.

1027 2727 1161 2768 Janum]
1188 2728 1290 2759 Hunc
1306 2727 1490 2759 bifrontem
1501 2728 1614 2760 Deum
1625 2738 1686 2761 seu

986 2777 1250 2819 antiquissimum
1300 2778 1413 2810 Italiae
1458 2788 1586 2822 regem,
1629 2780 1685 2812 cui
