1773 3121
202 197 318 241 9096

208 305 416 347 Protinus
439 306 647 359 arripiunt
669 305 878 357 Charites,
900 311 1161 361 nectuntque
1182 317 1385 358 coronas,

237 412 240 416 .
264 372 478 426 Sertaque
498 375 702 414 coelestes
721 374 988 428 implicitura
1009 388 1178 417 comas.

207 440 357 483 Prima
379 454 458 493 per
478 441 708 482 immensas
729 442 870 494 sparsi
890 455 1008 483 nova
1027 443 1194 483 semina
1214 445 1379 494 gentes.

262 506 408 548 Unius
429 508 553 548 tellus
574 512 667 549 ante
686 509 844 550 coloris
864 513 968 551 erat.

205 574 357 616 Prima
376 575 651 629 Therapnaeo
671 576 754 618 feci
775 577 829 617 de
852 578 1059 630 sanguine
1076 578 1252 618 florem:

264 641 320 682 Et
338 646 485 683 manet
504 643 549 683 in
568 644 676 684 folio
699 645 867 698 scripta
887 646 1064 698 querela
1084 658 1178 685 suo.

203 708 274 749 Tu
294 722 467 762 quoque
488 723 645 750 nomen
665 711 798 751 habes
818 713 976 761 cultos,
999 711 1229 761 Narcisse,
1249 724 1329 764 per
1348 711 1493 752 hortos
1510 723 1520 751 z
1567 709 1654 751 225

261 774 439 823 Infelix,
462 776 582 827 quod
602 789 686 816 non
708 777 816 815 alter
835 781 878 816 et
899 779 1005 817 alter
1025 779 1146 818 eras!

204 841 323 892 Quid
345 842 529 891 Crocon,
553 845 628 881 aut
646 840 768 881 Attin
786 843 980 890 referam,
1005 843 1254 896 Cinyraque
1273 848 1490 895 creatum3

260 907 330 947 De
348 919 532 959 quorum
554 919 632 959 per
651 919 721 946 me
743 907 916 946 vulnere
940 907 1076 959 surgit
1095 907 1264 948 honor‘?

202 972 325 1014 Mars
345 985 533 1026 quoque,
556 974 594 1014 si
613 974 778 1023 nescis,
801 987 879 1027 per
898 970 1066 1015 nostras
1087 975 1228 1015 editus
1250 978 1378 1016 artes.

257 1039 431 1093 Jupiter
450 1039 533 1080 hoc
558 1042 602 1079 ut
624 1040 765 1080 adhuc
786 1040 968 1090 nesciat,
989 1053 1130 1093 usque
1151 1054 1320 1094 precor.

692 213 733 243 1².
764 213 920 243 ovmu
955 213 1167 246 NASONIS

1568 373 1655 436 22‘?

1566 1039 1653 1083 230

200 1183 305 1212 nostra
320 1180 398 1210 dona
413 1180 446 1210 in
460 1180 538 1210 leves
553 1181 706 1219 quasillos.
753 1181 905 1211 Continuo
920 1181 1064 1211 Charites
1076 1182 1241 1221 accipiunt,
1255 1185 1345 1222 atque
1357 1181 1517 1221 implicant
1528 1189 1653 1211 coronas

200 1227 231 1254 et
246 1225 330 1253 serta
345 1225 493 1252 ornatura
508 1223 633 1261 capillos
647 1223 790 1253 coelestes.
838 1224 947 1253 Prima
967 1223 1030 1253 sevi
1053 1233 1131 1254 nova
1152 1224 1270 1254 semina
1292 1233 1347 1262 per
1368 1227 1471 1254 vastas
1493 1223 1652 1254 nationes.-

199 1269 287 1296 terra
303 1267 369 1295 erat
392 1264 480 1304 prius
493 1266 583 1294 unius
597 1264 716 1294 coloris.
760 1265 869 1295 Prima
887 1265 954 1301 feci
960 1266 1072 1305 florem
1094 1266 1130 1295 de
1154 1275 1259 1295 cruore
1277 1265 1465 1304 Therapnaeo
1476 1275 1486 1295 .·
1508 1268 1538 1295 et
1551 1265 1652 1304 queri-

199 1307 301 1338 monia
312 1309 450 1346 superest
462 1307 579 1345 scripta
594 1306 713 1343 infolio
728 1315 791 1337 suo.
839 1307 885 1337 Tu
897 1308 1002 1344 etiam,
1018 1307 1174 1346 Nan—isse,
1188 1307 1306 1338 obtines
1310 1306 1431 1344 famam
1444 1316 1500 1347 per
1510 1306 1652 1346 pulchros

200 1349 320 1379 hortos.-
343 1349 435 1378 miser
450 1349 530 1386 quod
553 1357 612 1377 non
627 1357 696 1377 eras
711 1349 790 1378 alter
815 1352 845 1378 et
868 1349 948 1378 alter
961 1349 976 1379 !
1022 1349 1224 1382 Quamobrem
1246 1359 1417 1379 recenseam
1444 1349 1572 1388 Crocon,
1595 1351 1651 1378 aut

200 1391 306 1429 Attin,
328 1392 421 1429 atque
435 1391 538 1419 ortum
553 1398 592 1418 ex
611 1389 741 1428 Cinyra,
768 1390 805 1419 de
831 1398 960 1428 quorum
980 1390 1075 1428 plaga
1100 1391 1194 1420 honor
1218 1391 1356 1420 nascitur
1375 1400 1430 1430 per
1444 1389 1516 1422 me?
1560 1391 1653 1420 Mars

198 1433 305 1471 etiam,
320 1432 390 1461 site
404 1431 493 1469 latet,
504 1434 683 1470 procreatus
698 1434 742 1461 est
761 1440 819 1471 per
834 1435 955 1461 nostras·
970 1434 1062 1463 artes.
1106 1432 1224 1462 Precor
1238 1441 1354 1472 semper
1368 1432 1465 1462 adhuc
1476 1435 1510 1463 nt
1524 1432 1652 1472 Jupiter

810 1522 868 1532 m

1004 1522 1041 1533 eo

196 1587 274 1626 pict.
291 1585 336 1616 Et
352 1589 420 1616 tres
432 1589 517 1617 vett.
532 1585 656 1617 incinct.
665 1585 800 1627 floribus
816 1585 973 1616 H.-219
996 1586 1163 1627 Arripiunt
1180 1597 1222 1617 ex
1237 1586 1367 1618 Zulich.
1381 1586 1469 1626 vulg.
1484 1585 1650 1617 accedunt.-

200 1629 290 1659 Maz.
308 1629 464 1668 accipiunt
483 1629 518 1659 C.
535 1634 605 1668 opt.
626 1630 702 1660 Pat.
725 1629 978 1659 accidunt—220
1002 1629 1062 1660 Pr.
1081 1628 1122 1661 A.
1144 1629 1267 1669 Sertaq.
1293 1630 1414 1659 divinas
1428 1629 1648 1668 nuptia—221

199 1671 353 1710 Mor.per
364 1671 539 1701 innumeras
550 1681 646 1711 spars.
656 1672 739 1702 alius
754 1672 904 1710 ingentes,
913 1672 995 1702 Mox
1008 1672 1097 1702 Maz.
1111 1676 1145 1703 et
1158 1682 1242 1702 unus
1255 1671 1375 1702 Heins.
1389 1681 1463 1702 cum
1474 1671 1564 1710 vulg.
1575 1679 1651 1703 sem.

199 1716 420 1745 terram—223
445 1713 486 1744 In
503 1714 727 1745 vetustissimo
742 1713 905 1753 Neapolis
918 1713 1000 1744 Cod.
1024 1715 1133 1745 Prima
1150 1724 1204 1753 ego
1220 1713 1547 1754 Amycloeofec.-—225
1572 1712 1651 1744 Pet.

199 1756 287 1786 alter
300 1765 424 1786 carmen
451 1765 512 1795 pro
534 1766 664 1792 nomem
687 1757 726 1787 P.
740 1766 861 1788 numen.
905 1756 1042 1787 Deinde
1058 1757 1155 1788 multi
1171 1762 1255 1787 vett.
1276 1761 1311 1787 et
1326 1756 1478 1797 quaedam
1495 1754 1582 1786 Edd.
1594 1764 1653 1796 per

198 1800 409 1836 agros—227
433 1798 502 1828 Pro
517 1800 612 1829 Attin
638 1799 787 1830 nonnulli
811 1797 966 1830 scribunt
989 1799 1090 1835 Acin5
1112 1799 1167 1830 alii
1189 1799 1311 1837 Arnim,
1331 1798 1443 1839 Atym,
1457 1798 1510 1828 vel
1524 1797 1651 1828 Astim:

201 1840 332 1871 Zulich.
347 1840 470 1876 Athin3
493 1841 592 1872 Voss.
608 1842 719 1882 Atym
742 1841 856 1873 Ursin.
872 1843 987 1881 Actyn.
1034 1842 1115 1872 Mox
1132 1841 1228 1872 multi
1252 1841 1372 1880 scripti
1401 1841 1574 1880 Cinaraque
1595 1839 1650 1870 vel

201 1883 467 1922 Cynaroq.—228
491 1883 634 1914 Plurimi
661 1888 747 1915 vett.
772 1885 917 1919 vulnere;
940 1888 975 1914 at
990 1884 1088 1914 multi
1103 1884 1274 1923 sanguine.-
1298 1883 1449 1914 nonnulli
1465 1882 1567 1914 etiam
1583 1892 1649 1913 mn·

199 1927 391 1957 neren—229
413 1926 502 1957 Mor.
518 1926 570 1965 qni
587 1936 649 1966 pro
663 1926 701 1958 si.
744 1926 837 1958 Dein
854 1926 915 1956 Be.
930 1930 1029 1958 nostr.
1047 1927 1150 1958 editur
1164 1928 1333 1957 (πῄ-230
1357 1926 1412 1957 Fr.
1427 1926 1463 1956 J.
1478 1925 1543 1955 haec
1558 1926 1649 1954 ut.—

858 2031 997 2062 NOTAE

198 2102 297 2133 horas
311 2100 435 2132 diversi
451 2101 551 2132 flores
567 2103 795 2143 explicantur.
837 2103 894 2132 Vi·
948 2103 982 2133 in
999 2103 1199 2143 Hyacinthi,
1224 2112 1284 2134 seu
1304 2101 1453 2143 gladioli,
1482 2100 1571 2132 foliis
1587 2111 1646 2142 ap-

199 2151 325 2183 delicet
341 2151 524 2191 triumphat
545 2153 649 2191 Naso,
666 2152 724 2182 ubi
737 2152 793 2192 huj
801 2160 894 2183 usce-
948 2157 1079 2191 parent.

197 2201 289 2234 modi
305 2202 454 2232 occurrit
466 2207 713 2242 argumentum.

239 2254 303 2282 219
329 2251 488 2291 Charites]
510 2251 640 2282 Gratiae
656 2251 816 2281 dicuntur
832 2251 893 2282 La-

199 2302 272 2333 tine
309 2306 378 2332 tres
406 2302 503 2333 Jovis
540 2306 575 2333 et
612 2301 784 2333 Eunomiae
814 2300 893 2332 filiae

199 2351 334 2390 Aglaia,
359 2351 491 2390 Thalia,
522 2356 623 2393 atque
649 2351 890 2392 Euphrosyne:

199 2399 243 2431 de
259 2400 379 2441 quibus
395 2402 494 2432 aliter
508 2402 575 2432 alii.

239 2452 302 2481 223
329 2450 529 2491 Therapnaeo]
546 2453 726 2492 Therapne
739 2453 894 2484 Laconiae

196 2500 273 2531 vico
291 2500 441 2531 oriundo.
479 2503 534 2532 De
554 2502 750 2542 Hyacintlio
768 2506 893 2541 autem,

199 2551 350 2591 Apollini
379 2551 596 2582 dilectissimo
635 2563 755 2592 puero,
784 2562 894 2584 sermo

198 2605 272 2632 est:
290 2600 385 2640 cujus
399 2599 547 2632 fabulam
563 2611 629 2632 non
642 2603 745 2633 semel
759 2603 792 2633 in
809 2612 894 2642 prae-

197 2649 410 2681 cedentibus.

240 2701 304 2731 224
329 2699 476 2740 Querela]
498 2699 536 2730 A!
564 2700 595 2731 at
623 2702 724 2740 enim,
746 2701 892 2741 lugenti-

197 2750 259 2781 bus
280 2750 372 2782 vocis
396 2751 546 2793 usitatae,
569 2752 712 2792 vestigia
737 2752 891 2793 quaedam

991 2203 1054 2231 226
1071 2201 1163 2232 Alter
1175 2205 1206 2231 et
1221 2201 1316 2241 alter]
1330 2202 1380 2233 Ut
1392 2202 1478 2233 alter
1494 2202 1646 2241 alterius,

948 2260 1014 2281 non
1031 2251 1080 2282 sni
1095 2261 1208 2282 amore
1232 2252 1410 2283 Narcissus
1437 2252 1644 2292 tabesceret,

948 2301 1110 2332 Fabulam
1125 2302 1197 2342 ejus
1213 2302 1336 2333 videsis
1353 2303 1386 2333 in
1403 2303 1542 2334 Metam.

989 2355 1050 2384 227
1079 2352 1183 2392 Attin]
1215 2353 1316 2393 Cujus
1339 2362 1490 2384 cruorem
1517 2353 1550 2384 in
1578 2353 1646 2385 vio·

946 2403 1011 2433 lam
1029 2406 1196 2433 mutatum
1214 2403 1347 2442 scripsit
1364 2403 1546 2435 Arnobius.

993 2452 1124 2492 Cinyra]
1142 2451 1269 2483 Adonis
1281 2456 1334 2483 est
1346 2453 1479 2493 Ciuyrae
1495 2462 1538 2483 ex
1552 2453 1644 2493 Myr·

947 2502 1007 2532 rha
1033 2501 1098 2531 filia
1125 2506 1233 2539 natus,
1252 2501 1345 2542 cujus
1368 2501 1517 2533 fabulam
1539 2502 1642 2534 habes

947 2553 981 2583 in
998 2552 1137 2582 Metam.

988 2605 1051 2633 228
1074 2601 1200 2641 Honor]
1238 2601 1326 2634 Quia
1353 2605 1431 2641 post
1458 2599 1529 2631 fata
1558 2601 1643 2632 revi-

945 2650 1095 2690 rescunt,
1111 2656 1211 2693 atque
1228 2651 1324 2683 festis
1341 2656 1377 2683 et
1391 2651 1641 2683 coronamentis

944 2701 1158 2733 adhibentur.

987 2755 1051 2783 229
1073 2751 1220 2793 Nostras]
1248 2752 1349 2784 Flora
1364 2760 1486 2794 nempe
1499 2750 1640 2796 junoni,
