1773 3121
201 220 314 263 1848
688 234 727 263 P.
759 232 917 263 ovmn
950 232 1162 263 NASONIS

203 327 286 369 Ille
309 328 472 368 aditum
491 327 617 368 fracti
637 330 943 379 praestruxerat
964 326 1105 380 objice
1125 325 1286 366 montis
1307 339 1317 367 z

260 395 355 436 Vix
370 395 480 448 juga
500 396 736 435 movissent
756 396 945 448 quinque
968 395 1034 435 bis
1054 395 1161 435 illud
1181 407 1309 446 opus.

205 461 377 502 Nititur
396 461 465 501 hic
487 461 676 501 humeris
705 460 883 515 (coelum
905 474 1078 514 quoque
1098 460 1272 501 sederat
1291 457 1402 514 illis)
1503 486 1505 489 s
1566 459 1651 501 565

262 527 320 567 Et
340 532 509 569 vastum
531 534 655 569 motu
676 529 983 569 collabefactat
1003 542 1125 569 onus.

208 593 340 643 Quod
361 596 490 636 simul
512 596 709 636 evulsum
729 599 807 645 est,
826 595 971 648 fragor
992 596 1152 636 aethera
1170 595 1320 636 terruit
1340 595 1508 648 ipsum3

262 660 445 715 Ictaque
467 663 664 703 subsedit
684 662 872 715 pondere
892 663 1021 703 molis
1042 663 1213 703 humus.

207 727 358 769 Prima
377 734 521 770 movet
548 729 692 770 Cacus
714 729 874 770 collata
893 730 1048 782 proelia
1069 728 1229 769 dextra
1246 742 1256 780 ;

265 794 464 848 Remque
485 796 609 836 ferox
629 796 750 835 saxis
769 796 1083 847 stipitibusque
1105 797 1227 847 gerit.
1571 793 1654 834 570

209 859 320 910 Quis
340 863 415 902 ubi
434 862 652 913 nilfagitur
670 874 681 911 ;
712 861 877 912 patrias
897 861 1011 900 male
1026 860 1154 901 fortis
1176 861 1232 900 ad
1255 864 1370 901 artes

265 926 482 981 Confugit,
504 931 546 967 et
566 927 763 967 flammas
784 938 856 965 ore
876 929 1059 965 sonante
1079 927 1231 967 vomit.

211 993 336 1043 Quas
356 995 527 1046 quoties
545 994 716 1047 proflat,
739 994 903 1046 spirare
924 993 1138 1047 Typhoea
1159 994 1327 1045 eredas,

268 1061 326 1101 Et
345 1061 547 1114 rapidum
567 1061 744 1102 AEtnaeo
764 1060 907 1113 fulgur
926 1061 981 1100 ab
1000 1061 1098 1113 igne
1114 1060 1222 1113 jaci.

208 1181 381 1220 pedimenlo
397 1181 510 1212 montis
533 1182 648 1213 avulsi.
644 1193 651 1200 ·
672 1182 728 1212 iix
742 1184 843 1213 decem
859 1182 940 1221 juga
956 1182 1118 1213 movissent
1139 1182 1216 1213 illud
1239 1183 1367 1222 pondu&
1411 1180 1477 1212 Hic
1502 1180 1657 1212 contendit

209 1224 344 1253 humeris
358 1224 487 1262 (coecum
501 1224 594 1253 etiam
606 1224 868 1263 positumfuerat
864 1225 1049 1263 super-illos)
1066 1228 1155 1263 atque
1170 1225 1348 1263 impellendo
1358 1224 1491 1254 dez-olvit
1504 1224 1660 1263 mgentem

213 1266 329 1296 molem.
377 1265 456 1300 Quoe
470 1266 577 1295 statim
591 1269 681 1305 atque
702 1266 822 1296 sublata
837 1269 892 1304 est,
902 1266 978 1305 frea
965 1276 1019 1295 or
1034 1266 1184 1297 concussit
1200 1267 1302 1305 ipsum
1315 1266 1432 1304 coelum,
1448 1269 1477 1295 et
1493 1269 1578 1296 terra
1592 1274 1660 1304 per-

210 1317 299 1337 cussa
313 1307 448 1337 subsedit
460 1309 618 1346 gravztate
630 1309 784 1348 ponderis.
832 1308 930 1338 Cacus
944 1312 1041 1338 movet
1065 1309 1168 1347 prima
1189 1307 1358 1338 certamina
1381 1309 1494 1338 dextra
1509 1310 1660 1346 conserta,

211 1353 240 1379 et
256 1359 353 1380 soevus
367 1359 432 1380 rem
444 1350 531 1387 gerit
547 1350 700 1390 lapidibus
713 1354 741 1381 et
754 1350 888 1381 sudibus.
937 1350 1056 1385 Quibus
1069 1353 1227 1389 postquam
1242 1350 1321 1380 nihil
1329 1352 1525 1390 promovetur
1528 1372 1536 1387 ‚
1549 1358 1660 1389 parum

211 1391 331 1422 validus
343 1392 475 1422 recurrit
490 1394 530 1421 ad
556 1395 638 1422 artes
661 1396 818 1431 paternas,
844 1396 875 1422 et
901 1394 1020 1421 eructat
1046 1392 1135 1430 ignes
1160 1401 1209 1421 ore
1234 1395 1400 1431 strepente.
1446 1391 1529 1426 Quos
1543 1390 1661 1431 quoties

213 1434 308 1474 efflat,
321 1433 486 1464 arbitreris
514 1434 679 1474 Typhoeum
700 1434 831 1474 spirare,
846 1436 878 1464 et
895 1433 1008 1471 fulgur
1023 1434 1165 1473 rapidum
1180 1434 1265 1464 mitti
1279 1443 1298 1463 α
1305 1432 1377 1471 foco
1393 1434 1529 1464 AEtnaeo.
1574 1431 1660 1464 Alci-

820 1516 1055 1528 oooooooooooo

214 1572 293 1602 adit.
323 1571 417 1602 strati
441 1580 491 1612 pr.
520 1571 566 1602 ob.
590 1571 683 1602 saxi:
706 1570 857 1602 nonnulli
881 1571 982 1601 etiam
1010 1572 1344 1610 perstruxerat.—564
1367 1569 1437 1600 Pro
1468 1569 1559 1609 vfilg.
1589 1578 1664 1600 onus

213 1616 329 1644 Burni.
361 1614 495 1654 recepit
519 1623 594 1654 opus
616 1623 659 1644 ex
685 1612 879 1644 Pembrocii
903 1613 1156 1652 lil)10,'lhuan.
1188 1616 1224 1642 et
1246 1612 1337 1643 Maz.
1369 1612 1447 1652 quia
1477 1621 1546 1661 seq.
1577 1621 1664 1650 onus,

214 1662 249 1686 et
267 1656 432 1696 quiahaec
449 1665 526 1696 pars
540 1656 677 1693 montis,
703 1655 796 1696 quasi
823 1665 908 1696 opus,
937 1656 1058 1685 vallum
1087 1659 1123 1685 et
1153 1655 1396 1685 munimentum
1423 1655 1511 1684 antri
1537 1658 1664 1685 erat.—

215 1702 276 1729 Hi»
302 1698 433 1729 Aiund.
450 1699 500 1729 hic
514 1699 661 1734 humero‚·
685 1702 720 1728 et
736 1707 813 1728 mox
827 1698 876 1728 illi
893 1707 954 1737 pro
970 1697 1044 1728 illis.
1080 1698 1243 1728 Francius
1260 1696 1396 1744 legebat
1412 1697 1454 1728 N.
1471 1697 1501 1726 Ιι.
1517 1696 1665 1736 humeris,

213 1745 263 1779 (ι.
281 1741 365 1780 queis
383 1741 431 1780 s.)
458 1741 531 1771 illis.
578 1741 654 1771 Hoc
677 1739 844 1771 distichon
860 1740 978 1770 deerat
994 1740 1198 1779 Hugeniano
1214 1739 1300 1770 Cod.
1317 1743 1353 1769 et
1368 1738 1402 1768 in
1416 1738 1504 1770 Maz.
1532 1737 1598 1769 fuit
1614 1747 1664 1769 as-

215 1785 362 1823 criptum
379 1783 641 1823 margini.-—567
666 1783 828 1814 Plurimae
843 1782 930 1813 Edd.
944 1782 1015 1813 sim.
1039 1791 1176 1813 eversum
1191 1785 1256 1813 est.-
1278 1785 1313 1811 at
1329 1781 1464 1812 evulsum
1481 1781 1514 1811 in
1529 1780 1666 1822 quibus·

216 1826 293 1855 dam
321 1829 405 1856 vett.
432 1825 540 1856 Codd.
565 1826 708 1865 legitur;
732 1825 819 1856 unde
848 1825 1012 1865 Neapolis
1038 1824 1133 1855 malit
1154 1825 1305 1855 avulsum.
1347 1823 1389 1854 Τὸ
1404 1823 1664 1854 estanonnullis

217 1868 310 1898 abest
321 1867 426 1899 Codd.
439 1868 527 1898 unde
543 1867 663 1898 Heius.
678 1866 894 1898 sciibendum
911 1871 1010 1908 putat
1030 1867 1098 1901 Quo
1112 1867 1202 1897 simul
1218 1867 1338 1904 avulso,
1353 1866 1407 1897 vel
1423 1875 1538 1897 averso.
1577 1865 1666 1896 Dein

219 1912 272 1940 Sa.
301 1919 362 1950 pro
391 1920 462 1941 var.
488 1911 568 1941 lect.
597 1911 670 1942 ceth.
686 1910 903 1950 verberatips.
930 1914 999 1940 tres
1020 1909 1088 1949 alii,
1115 1913 1151 1940 et
1181 1913 1288 1949 postr.
1309 1907 1375 1938 Ed.
1392 1907 1505 1938 Aldin.
1520 1907 1667 1938 concutit.

218 1955 324 1982 -568
347 1953 493 1984 Quidam
521 1962 564 1982 ex
579 1952 772 1983 melioribus
794 1953 970 1991 Jactaque5
1004 1955 1073 1981 tres
1101 1951 1267 1989 Laxaque‚·
1290 1949 1356 1979 duo
1385 1949 1555 1996 Lafsaque,·
1579 1958 1666 1979 unus

218 1994 308 2023 Mor.
332 1994 482 2033 Actaque.
517 1994 605 2024 Dein
632 1994 779 2024 malebat
803 1994 964 2024 Francius
990 1992 1133 2022 subsidit.
1177 1992 1261 2021 Mox
1285 1990 1518 2030 castigationes
1534 1991 1666 2031 scripti,

218 2039 307 2065 teste
323 2035 444 2065 Heius.
458 2035 586 2066 habent
601 2036 708 2070 molis,·
740 2040 775 2065 at
792 2035 884 2073 vulg.
904 2034 1083 2073 legebatur
1095 2033 1202 2064 mollis.
1206 2035 1311 2064 —569
1329 2033 1370 2063 Ρ.
1389 2033 1427 2063 C
1442 2033 1567 2063 collecta
1580 2033 1668 2073 prael.

218 2077 647 2116 '11111an.collataque.—570
673 2076 820 2114 Hugenii
838 2077 950 2106 Excex
954 2080 1001 2115 pt.
1021 2076 1130 2115 Remq.
1149 2074 1239 2112 ferus
1263 2085 1330 2106 sax.
1348 2079 1383 2105 et
1398 2074 1530 2105 Arund.
1549 2074 1668 2113 seram.

219 2119 304 2148 Mox
321 2128 382 2158 pro
395 2119 480 2157 gerit
495 2120 660 2158 Excerpt.
679 2117 866 2148 Klo'ekhov.
888 2121 1105 2148 movet.—-57l
1130 2118 1293 2157 Excerpt.
1317 2117 1505 2147 Kloekhov.
1519 2118 1559 2148 ad
1573 2126 1668 2148 arces.

221 2163 325 2192 -572
351 2160 490 2201 Effugit,
505 2164 546 2191 et.
571 2161 634 2191 Be.
649 2169 701 2190 ore
726 2162 850 2190 tonante
865 2163 1048 2191 vom—573
1073 2159 1141 2190 Alii
1155 2159 1374 2200 quotpetflat,
1388 2159 1464 2200 spir.
1477 2168 1561 2190 unus
1578 2160 1667 2191 Mor.

875 2245 1013 2277 NOTAE

264 2321 326 2350 562
350 2318 466 2359 Impia]
509 2319 659 2360 Propter
688 2319 827 2360 impium
859 2319 919 2351 Ca·
972 2321 1067 2361 cujus
1089 2325 1203 2361 partes
1226 2320 1305 2352 hinc
1330 2319 1410 2351 inde
1437 2319 1668 2360 ‹lisjiciunturz

224 2380 309 2402 eum.
972 2371 1036 2401 nisi
1052 2370 1156 2401 mavis
1172 2369 1381 2410 hyperbolen
1398 2368 1452 2400 hic
1467 2378 1553 2400 esse.

264 2424 326 2452 564
349 2420 451 2460 Juga]
468 2420 594 2452 Decem
606 2421 803 2462 Jugatorum
817 2420 919 2453 boum
1015 2423 1076 2452 571
1102 2421 1203 2461 Male]
1222 2421 1359 2460 Quippe
1375 2429 1451 2451 cum
1469 2418 1600 2451 fortiori
1616 2428 1670 2451 res

225 2471 332 2513 paria.
976 2473 1059 2503 erat.

264 2526 325 2554 565
346 2521 476 2561 Coelum]
495 2522 635 2552 Dictum
652 2522 685 2552 in
698 2522 842 2552 Metam.
858 2532 919 2561 pro
1017 2521 1078 2550 573
1099 2517 1258 2558 Typhoea]
1276 2517 1384 2549 Quem
1401 2517 1585 2557 Gigantem
1603 2516 1672 2548 AEt-

224 2571 366 2603 Atlante
395 2571 561 2602 cervicem
592 2570 677 2601 coelo
704 2571 920 2611 supposuisse
974 2579 1028 2600 11ae
1054 2567 1276 2608 suppositum,
1300 2566 1390 2597 unde
1405 2565 1554 2598 flammas
1578 2576 1672 2598 eruc-

228 2621 423 2652 Hereulem.
977 2623 1038 2658 tat,
1055 2618 1088 2648 in
1105 2617 1248 2648 Metam.
1263 2616 1418 2647 vIdimus.

269 2669 493 2709 567'Fragor]
518 2670 569 2700 Ex
586 2670 738 2711 impulsae
751 2669 846 2700 molis
863 2679 920 2701 seu
1018 2671 1080 2699 574
1103 2667 1242 2707 AEtnaeo]
1263 2666 1330 2698 Qui
1355 2675 1397 2697 ex
1421 2664 1522 2698 AEtua
1544 2664 1669 2698 Siciliae

227 2722 299 2753 saxi
315 2724 419 2752 motu.
976 2721 1089 2750 monte
1106 2715 1307 2759 prorumpit.

268 2775 331 2803 568
354 2770 516 2812 Subsedit]
565 2770 745 2804 Subsidere
778 2770 922 2812 videtur,
