1773 3121
182 230 296 273 2212
672 243 711 273 P.
744 242 903 272 ovmu
937 242 1151 273 NAsoMs

181 340 287 382 Non
307 342 366 390 ut,
387 338 632 380 Alexandri
652 338 812 379 claram
831 338 1000 379 delatus
1022 339 1067 379 in
1087 338 1251 387 urbem,

239 407 438 449 Delicias
454 406 644 456 videam,
665 406 770 447 Nile
784 407 952 461 ιᾓοοοερ,
973 410 1086 448 tuas.

182 474 315 526 Quod
334 475 486 515 faciles
507 480 614 528 opto
633 478 801 525 ventos,
831 473 952 530 (quis
972 475 1148 515 credere
1169 473 1312 528 possit
1327 471 1370 527 2)

237 542 451 583 Sarmatis
471 546 539 582 est
557 541 701 591 tellus,
725 554 856 595 quam
874 555 971 582 mea
992 545 1097 583 vota
1117 545 1283 595 petunt.

180 609 376 663 Obligor,
397 614 444 650 ut
463 614 633 663 tangam
655 611 757 652 laevi
778 610 867 651 fera
885 611 1034 651 littora
1055 610 1215 660 Ponti3

237 677 454 731 Quodque
474 679 531 719 sit
552 692 579 719 a
599 679 741 732 patria
761 683 850 720 tam
870 678 973 731 fuga
993 677 1132 727 tarda,
1157 688 1323 730 queror.

179 744 349 786 Nescio
370 758 457 799 quo
474 746 647 787 videam
667 747 838 799 positos
859 751 908 788 ut
927 748 971 786 in
991 747 1094 787 orbe
1114 745 1336 793 Tomitas,

236 812 409 853 Exilem
431 813 548 852 facio
569 825 647 864 per
666 823 766 850 mea
781 815 886 851 vota
905 812 1038 851 viam.

178 879 266 920 Seu
284 892 354 919 me
375 879 571 931 diligitis,
591 881 740 918 tantos
761 878 1031 930 compescite
1051 877 1210 917 fluctus
1229 891 1240 927 ;

235 946 465 998 Pronaque
487 945 574 986 sint
592 948 754 986 nostrae
775 945 951 985 numina
971 947 1116 985 vestra
1130 944 1236 984 rati:

177 1012 267 1053 Seu
286 1013 428 1065 magis
448 1012 625 1062 odistis,
641 1011 785 1066 jussae
807 1023 877 1051 me
900 1010 1117 1051 advertite
1136 1014 1275 1051 terrae.

236 1080 455 1134 Supplicii
475 1093 577 1134 pars
599 1083 666 1121 est
686 1081 733 1120 in
753 1079 930 1133 regione
949 1078 1052 1120 mei.

1583 406 1639 448 80

1582 1078 1639 1119 90

176 1234 346 1271 conspecta.
393 1232 465 1261 Non
480 1234 515 1261 ut
529 1231 672 1270 appulsus
686 1232 726 1261 ad
751 1230 855 1261 urbem
870 1230 1015 1261 celebrem
1029 1229 1216 1268 Alexandri,
1234 1229 1382 1270 aspiciam
1396 1232 1465 1260 tuas
1479 1228 1641 1269 mollitias,

178 1275 254 1305 Nile
261 1274 379 1312 facete.
425 1274 514 1307 Quod
526 1282 616 1303 voveo
632 1276 738 1303 ventos
750 1273 913 1312 propitios,
927 1273 1018 1310 (qais
1028 1273 1125 1311 possit
1130 1272 1230 1312 fidem
1245 1272 1388 1302 adhibere
1401 1270 1440 1311 ?)
1461 1275 1548 1303 terra
1562 1271 1640 1303 Sar-

174 1318 290 1347 matica
305 1319 350 1346 est
364 1324 453 1354 quam
469 1324 534 1345 mea
546 1315 698 1344 desideria
713 1317 870 1352 expetunt.
919 1314 1106 1351 Obseringor
1124 1313 1223 1351 votis,
1242 1318 1274 1343 ut
1292 1317 1419 1351 tangam
1432 1323 1514 1344 soeva
1529 1314 1639 1345 littora

176 1359 275 1390 Ponti
289 1358 433 1392 sinistri;
456 1360 486 1386 et
501 1357 585 1385 doleo
601 1356 679 1395 quod
705 1355 835 1385 exilium
859 1354 902 1384 sit
918 1358 983 1383 cam
1004 1355 1130 1384 lentum.
1176 1355 1260 1384 Paro
1284 1355 1365 1384 mihi
1387 1355 1449 1385 iter
1475 1356 1562 1386 breve
1581 1366 1639 1395 per

175 1410 260 1432 meas
273 1409 388 1440 preces,
404 1402 439 1428 ut
453 1397 602 1437 aspiciam
619 1396 758 1427 Tomitas
771 1397 848 1426 sites
860 1395 892 1426 ἰη
907 1395 1007 1426 nescio
1023 1406 1081 1435 qua
1093 1399 1185 1435 parte
1201 1396 1317 1425 numdi.
1363 1397 1437 1426 Sive
1454 1406 1502 1427 me
1511 1398 1637 1438 uniatis,

174 1442 336 1482 reprimite
359 1444 464 1472 tantas
487 1442 598 1479 undas,
623 1443 654 1470 et
678 1442 781 1470 vestra
803 1438 930 1469 numina
953 1438 1017 1468 sint
1039 1438 1176 1478 propitia
1201 1441 1316 1468 nostras
1342 1439 1415 1468 navi
1428 1449 1439 1474 ;
1459 1439 1523 1469 sive
1535 1440 1640 1480 potius

176 1484 296 1526 odistis,
311 1485 464 1525 applicate
479 1492 525 1513 me
545 1486 639 1513 terroe
654 1482 836 1522 assignatae.
883 1481 965 1511 Pars
980 1490 1054 1511 mece
1077 1490 1177 1521 poenoe
1198 1484 1243 1511 est
1259 1481 1291 1511 in
1307 1480 1382 1522 ipsa
1399 1481 1515 1512 mundi
1527 1481 1637 1522 plaga.

790 1566 980 1578 emaeewae
986 1566 1023 1576 te

175 1624 268 1665 vulg.
293 1623 491 1654 mutandum
509 1624 682 1654 esse.—79
705 1621 801 1651 Unus
826 1619 948 1652 Heius.
972 1619 1013 1651 A.
1032 1619 1195 1659 pulchram
1210 1620 1357 1651 det—81
1382 1619 1452 1650 Pro
1469 1620 1560 1661 vulg.
1579 1620 1636 1659 sa·

174 1667 249 1698 ciles
264 1670 309 1698 est
332 1667 341 1683 ‘
355 1667 430 1706 lege
439 1665 552 1703 faciles
569 1665 620 1695 vel
636 1664 709 1695 siue
732 1673 869 1694 assensu
885 1667 971 1693 vett.
986 1661 1171 1693 librorum.’
1197 1663 1309 1693 Heius.
1349 1663 1418 1694 Qui
1432 1662 1534 1693 etiam
1547 1663 1637 1704 conj.

179 1711 248 1745 Quo
259 1709 385 1748 faciles·
411 1709 494 1739 Mox
520 1708 618 1748 possit
645 1716 705 1747 pro
737 1706 827 1745 vulg.
853 1709 957 1745 posset
985 1705 1204 1745 scriptL——ffl
1229 1705 1297 1735 Pro
1324 1708 1396 1735 vota
1423 1714 1538 1735 omnes
1564 1705 1637 1737 fere

175 1752 307 1792 scripti,
323 1757 356 1782 et
373 1751 459 1782 Edd.
477 1750 646 1781 nonnullae
663 1750 751 1784 2·ela;
775 1754 811 1779 et
838 1753 933 1779 certe
960 1757 1037 1778 mox
1062 1749 1070 1764 ⁶
1085 1747 1176 1777 vota’
1201 1747 1454 1788 seqtlitlir.--83
1482 1746 1637 1788 Obloquor

175 1795 324 1826 Palatiu.
343 1794 430 1824 male
445 1804 453 1824 ε
482 1793 611 1832 Obligor
626 1792 779 1823 nimirum
798 1791 896 1827 votis,
914 1801 990 1831 quae
1020 1800 1081 1830 pro
1099 1789 1192 1820 felici
1209 1790 1354 1829 appulsu
1372 1789 1413 1819 ad
1438 1790 1635 1830 Scythicam

174 1843 299 1868 terram
328 1837 488 1875 suscipio.
532 1836 587 1866 Sic
621 1836 629 1851 ‘
648 1835 832 1874 obligatam
861 1834 984 1873 dapem
1022 1832 1178 1863 reddere'
1217 1833 1340 1862 Horat.
1367 1832 1435 1863 Od.
1466 1841 1506 1864 11.
1533 1835 1564 1865 7.
1600 1837 1637 1865 et

174 1880 350 1920 ‘obligare
379 1884 483 1918 caput
510 1878 606 1909 votis'
636 1877 703 1908 Od.
730 1886 769 1907 11.
795 1879 826 1907 8.
866 1876 950 1907 Soeve‘
979 1876 1081 1906 etiam
1107 1875 1205 1906 Ponti
1234 1875 1377 1907 Pate-an.
1419 1875 1573 1907 Leidens.
1600 1879 1638 1907 et

174 1927 252 1954 octo
281 1922 363 1952 alii:
404 1926 586 1961 utrumque
612 1926 730 1951 recte:
770 1919 873 1958 ἄξενος
897 1920 986 1949 enim
1014 1923 1050 1949 et
1076 1928 1197 1948 saevus.
1222 1917 1422 1948 Burin—84
1451 1919 1529 1949 Tam
1558 1927 1637 1958 oum

174 1965 322 2005 quinque
354 1964 491 2003 scriptis
520 1964 637 1994 Heius.
663 1963 745 2002 legit
770 1973 832 2003 pro
860 1962 950 2001 vulg.
965 1961 1134 1999 jamaessSG
1160 1960 1323 2001 Plerique
1341 1960 1458 2000 scripti
1486 1959 1636 1997 Exilem;

173 2007 329 2046 plurimae
354 2006 443 2037 Edd.
473 2007 597 2037 Exilii:
633 2006 794 2036 Francius
824 2005 961 2035 volebat
995 2004 1178 2042 Exiguanm
1215 2008 1249 2032 et
1279 2004 1395 2034 Burm.
1428 2003 1634 2034 Exilia—87

176 2049 362 2090 Gryphius,
376 2050 535 2090 Mycillus
548 2054 583 2080 et
599 2049 655 2079 alii
669 2048 806 2079 edidere
821 2048 857 2078 Si
874 2049 1016 2078 rna—89
1030 2047 1117 2077 Mor.
1133 2056 1180 2076 me
1195 2046 1339 2076 adducite
1351 2047 1515 2076 ἱππ-90
1531 2045 1635 2078 Quin-

173 2101 240 2131 que
257 2096 342 2122 vett.
355 2092 412 2122 hac
429 2092 549 2132 proin.
573 2092 657 2123 Mox
673 2091 730 2121 mei
755 2096 807 2122 est
831 2101 870 2120 ex
889 2089 1022 2120 emend.
1050 2089 1165 2119 Heius.
1190 2089 1289 2128 vulgo
1305 2089 1395 2119 enim
1420 2086 1634 2118 scribebatur

173 2133 274 2165 mori:
293 2135 303 2150 ‘
318 2144 379 2173 pro
403 2135 474 2174 mei,
491 2135 568 2165 meri
593 2144 613 2165 a
636 2134 775 2165 librario
801 2133 982 2164 aberrante
1010 2136 1084 2162 erat
1110 2130 1261 2162 factum:
1285 2130 1362 2161 hinc
1389 2134 1505 2160 uatum
1531 2128 1635 2160 mori!

838 2228 976 2258 NOTAE

174 2303 281 2344 Naso,
296 2306 334 2333 ut
346 2303 417 2343 ipse
432 2306 581 2333 testatur
597 2302 731 2333 Pontio.
746 2311 785 2332 11.
803 2305 855 2332 10.

215 2356 257 2384 79
283 2353 474 2393 Alexandri]
514 2352 759 2383 Alexandriam
791 2351 876 2382 dicit

173 2404 361 2435 Alexandri
379 2403 497 2443 Magni
511 2413 607 2442 opus.

215 2455 256 2483 80
292 2453 381 2492 Nile]
436 2453 536 2483 Hunc
565 2451 706 2492 AEgypti
734 2450 874 2482 fiuvium

167 2502 322 2543 jocosum
360 2502 456 2538 dicit,
498 2502 574 2542 quia
611 2507 711 2533 nocte
751 2502 873 2542 dieque

171 2552 378 2584 Alexandria
390 2551 694 2591 profit-i-cebantur
709 2553 872 2583 naviculae

171 2601 320 2632 virorum
352 2611 390 2631 at·
419 2601 593 2631 mulin-rum
627 2602 871 2632 lascivientium

171 2652 283 2692 plenae
324 2651 365 2682 ad
404 2651 573 2691 Serapidis
609 2652 770 2689 solennia,
797 2661 872 2691 quae

173 2701 317 2741 Canopi,
333 2701 389 2731 ubi
412 2702 485 2741 ejus
503 2701 663 2741 templum
688 2707 773 2740 erat,
788 2702 872 2732 cele-

172 2750 369 2782 brabantur.
402 2752 584 2782 Dissolutis
600 2757 713 2783 autem
727 2752 872 2783 moribus

172 2800 277 2833 fuisse
289 2801 465 2843 AEgyptios
476 2801 604 2834 iudicat
614 2802 715 2834 etiam
723 2801 873 2834 Martial.

929 2300 980 2330 his
1011 2300 1144 2331 verbis:
1184 2300 1194 2317 ί
1227 2299 1409 2340 Nequitias
1437 2301 1539 2331 tellus
1567 2299 1633 2331 scit

931 2351 1012 2381 dare
1028 2352 1119 2381 nulla
1136 2349 1266 2390 magis)

972 2403 1012 2431 82
1036 2401 1208 2440 Sarmatis]
1250 2399 1416 2430 Sarmatia
1452 2399 1548 2439 regio
1579 2403 1632 2431 est

929 2451 1116 2490 perampla,
1144 2451 1238 2490 cnjus
1268 2459 1346 2490 pars
1375 2448 1417 2479 ad
1447 2449 1631 2490 Europam,

929 2511 1008 2541 pars
1022 2501 1062 2530 ad
1081 2501 1193 2531 Asiam
1207 2503 1354 2540 spectat.
1378 2499 1501 2529 Tomos
1515 2503 1630 2530 autem

929 2551 1123 2591 ablegatum
1142 2552 1322 2587 Nasonem,
1341 2558 1414 2588 quae
1432 2548 1511 2579 urbs
1525 2548 1558 2579 in
1572 2548 1631 2579 illa

926 2600 1003 2637 fuit,
1015 2610 1117 2639 supra
1134 2600 1286 2629 vidimus.

969 2654 1008 2681 83
1033 2650 1134 2689 Laeri]
1160 2651 1248 2682 Quia
1265 2649 1383 2680 Poeta·
1401 2658 1493 2680 mare
1509 2648 1630 2680 Ponti-

928 2710 1002 2731 cum
1021 2701 1224 2741 ingredienti
1241 2711 1260 2732 a
1286 2701 1373 2732 laeva
1392 2701 1512 2732 Tomos
1525 2708 1626 2741 quam

928 2751 1080 2791 petebat.

970 2805 1011 2834 86
1034 2802 1178 2843 Exilem]
1209 2802 1502 2844 Compendiosam.
