1773 3121
227 215 338 257 1904
710 226 750 255 p,
781 223 940 255 ovmu
973 222 1186 254 NAsoms

229 321 339 361 Inde
360 319 482 360 nefas
504 319 668 360 ducunt
688 332 822 371 genus
843 319 926 359 hoc
945 319 1164 371 imponere
1184 317 1365 367 mensis,

286 387 382 428 Nec
402 387 565 427 violant
585 387 722 427 timidi
744 387 941 440 piscibus
962 399 1038 427 ora
1059 385 1173 438 Syri.

229 456 467 497 PROXIMA
494 455 573 494 lux
594 467 736 494 vacua
755 460 847 495 est:
879 460 924 495 at
946 454 1075 495 tertia
1096 454 1215 493 dicta
1237 451 1435 501 Quirino.

286 522 376 572 Qui
398 525 513 562 tenet
532 522 614 562 hoc
634 535 805 572 nomen,
826 522 1045 562 Romulus
1066 524 1160 560 ante
1181 521 1275 560 suit.

229 590 334 631 Sive
356 589 471 643 quod
491 589 618 629 hasta
639 589 766 630 Curis
787 590 946 642 priscis
968 592 1035 628 est
1055 588 1176 628 dicta
1197 587 1401 628 Sabinis:

282 656 497 712 (Bellicus
519 669 545 696 a
565 656 650 696 telo
667 656 783 696 venit
802 656 845 695 in
868 659 984 695 astra
1008 654 1131 695 Deus
1147 652 1180 706 z)

226 724 330 766 Sive
352 738 475 765 suum
498 723 607 775 Regi
628 736 784 763 nomen
805 734 987 775 posuere
1010 720 1226 769 Quirites:

281 791 368 831 Seu
390 791 493 843 quia
511 790 724 830 Romanis
739 788 947 840 junxerat
966 787 1038 826 ille
1060 785 1212 827 Cures.

224 857 343 897 Nam
365 860 488 909 pater
510 856 790 907 armipotens,
811 856 1049 905 postquam
1071 865 1185 893 nova
1204 854 1366 894 moenia
1385 854 1511 904 vidit,

280 923 509 974 Multaque
532 920 751 960 Romulea
770 919 886 958 bella
907 921 1086 972 peracta
1105 931 1254 968 manu,

1587 452 1674 493 475

1587 786 1674 828 480

225 1060 362 1099 dignam.
410 1058 486 1088 Inde
502 1057 577 1098 Syri
603 1057 650 1097 pii
674 1056 868 1087 arbitrantur
883 1055 970 1093 nefas
993 1057 1151 1085 admovere
1174 1056 1227 1086 hoc
1239 1065 1336 1094 genus
1353 1056 1476 1094 mensis,
1499 1066 1593 1096 neque
1610 1059 1676 1098 pol-

225 1104 312 1133 luunt
323 1111 375 1131 orn
390 1101 533 1140 piscibus.
623 1101 700 1130 Dies
715 1109 841 1139 sequens
855 1102 901 1129 est
914 1098 1079 1133 immunis;
1102 1101 1134 1128 at
1153 1098 1263 1128 tertius
1277 1100 1396 1129 dicatus
1420 1099 1563 1134 Quirino.
1610 1100 1677 1134 Qui

228 1144 317 1175 habet
333 1144 386 1173 hoc
401 1153 506 1172 nomen
515 1143 583 1180 fuit
598 1142 684 1181 prius
701 1142 859 1172 Romulus.
905 1141 978 1171 Sive
1004 1141 1075 1180 quia
1090 1141 1178 1171 hasta
1193 1142 1345 1181 appellata
1361 1144 1406 1171 est
1424 1142 1515 1172 Curis
1529 1151 1547 1172 α
1562 1143 1675 1173 veteri-

227 1186 281 1217 bus
297 1185 442 1215 Sabinis:
465 1185 575 1223 (Deus
601 1185 723 1213 bellicus
747 1184 915 1213 translatus
930 1184 1030 1212 estad
1051 1183 1153 1212 sidera
1175 1193 1231 1222 per
1247 1183 1328 1213 illud
1353 1184 1445 1213 telum
1458 1182 1492 1223 s)
1513 1184 1578 1215 sive
1603 1185 1676 1225 quia

230 1228 370 1263 Quirites
396 1228 543 1256 dederunt
566 1236 672 1256 nomen
697 1235 784 1255 suum
811 1225 914 1263 Regi.-
947 1224 1010 1253 sive
1035 1225 1106 1263 quia
1132 1225 1182 1254 ille
1207 1225 1368 1255 addiderat
1397 1227 1493 1256 Cures
1514 1227 1676 1257 Romanis.

228 1271 313 1301 Num
324 1272 415 1309 pater
431 1269 628 1308 armipotens,
651 1271 811 1307 postquam
825 1267 902 1296 vidit
919 1275 1011 1296 novos
1025 1275 1137 1305 muros,
1153 1270 1182 1296 et
1207 1266 1283 1296 bella
1297 1266 1435 1297 absoluta
1450 1277 1542 1298 meniu
1558 1269 1675 1298 Romu-

833 1365 1066 1376 eeeeeeeeeeee

230 1433 295 1473 legi
312 1444 319 1463 2
345 1432 390 1462 sic
411 1430 484 1461 Art.
511 1429 586 1461 Am.
603 1439 627 1460 1.
644 1433 716 1460 557.
739 1430 747 1445 ‘
766 1430 890 1459 Munus
916 1429 1001 1459 habe
1033 1429 1152 1458 coelum
1167 1428 1186 1459 τ’
1207 1429 1334 1467 dignum
1358 1430 1461 1460 sidera
1474 1440 1580 1462 nomen
1597 1431 1651 1462 alii
1667 1443 1677 1463 2

226 1477 291 1506 Pro
307 1485 374 1514 quo,
389 1483 455 1513 (μαι)
471 1473 580 1507 cernis,
594 1473 694 1501 sidera
711 1482 815 1501 nomen
834 1473 985 1510 Nauger.
1003 1471 1081 1500 Pet.
1107 1470 1234 1501 Zulich.
1248 1476 1282 1501 et
1300 1476 1367 1501 tres
1382 1472 1436 1502 alii
1451 1483 1458 1502 :
1483 1483 1560 1503 nunc
1575 1474 1676 1504 cernis

227 1518 329 1547 sidera
343 1526 449 1546 nomen
465 1515 578 1545 Ursin.
596 1519 630 1544 et
657 1514 790 1554 plurimi
807 1514 874 1544 alii.
899 1514 1012 1552 Forte,
1029 1513 1091 1542 Pro
1112 1523 1169 1552 quo
1184 1522 1263 1543 nunc
1277 1513 1361 1543 cerm·
1375 1514 1477 1544 sidera
1491 1523 1599 1545 munus
1619 1515 1675 1546 ha-

228 1560 308 1590 bent.
335 1556 522 1589 Gronovius
540 1558 663 1587 Noster
677 1556 799 1588 Obser.
816 1565 862 1586 1v.
878 1559 928 1587 18.
943 1555 1154 1594 corrigebat:
1181 1555 1243 1586 Pro
1256 1565 1313 1595 quo
1328 1565 1405 1586 mim
1415 1556 1560 1596 (cernis)
1573 1556 1676 1589 sidera

227 1610 336 1632 munus
361 1600 481 1630 liabent.
507 1599 625 1629 Heius.
671 1598 816 1637 Dignum
842 1599 944 1628 sidera
971 1607 1079 1628 munus
1100 1597 1210 1628 habent
1233 1599 1332 1628 etiam
1362 1598 1497 1630 Modius
1525 1600 1677 1631 Novant.

230 1645 326 1674 Lect.
350 1652 423 1682 cap.
447 1644 606 1672 63.—473
632 1641 771 1671 Plurimi
802 1640 868 1678 nef.
897 1641 1002 1671 dicunt
1021 1650 1092 1679 gen.
1124 1644 1159 1670 et
1189 1649 1271 1670 unus
1295 1639 1350 1671 hoc
1379 1641 1521 1672 inducere
1536 1651 1676 1674 mem.—

228 1688 291 1717 474
315 1685 370 1715 Fr.
393 1685 439 1715 Ne
455 1684 566 1714 violent
580 1684 753 1714 tim-2177
780 1684 872 1714 Curis
894 1687 946 1714 est
963 1693 1003 1713 ex
1016 1683 1104 1713 Maz.
1122 1682 1250 1713 Zulicli.
1265 1686 1301 1713 et
1316 1688 1460 1723 quatuor
1475 1683 1572 1722 aliis;
1592 1693 1675 1714 non-

229 1728 312 1758 nulli
332 1737 405 1757 cum
439 1727 493 1757 Fr.
516 1726 639 1766 quiris.-
662 1726 775 1756 Ursin.
803 1730 837 1756 et
869 1726 949 1757 Pet.
975 1735 1069 1756 cures.
1093 1724 1229 1756 Deinde
1261 1725 1450 1766 Hamburg.
1477 1726 1588 1766 primis
1614 1736 1678 1767 pro

225 1770 457 1810 priscis.—479
480 1768 576 1800 Suum
601 1769 768 1800 meliores.
794 1767 906 1800 Heius.
929 1768 997 1799 Alii
1023 1770 1191 1801 sum—481
1218 1768 1283 1798 Sex
1305 1767 1382 1799 libri
1403 1778 1458 1799 sua
1470 1778 1530 1810 pro
1545 1778 1676 1800 nova.—

885 1876 917 1906 N
923 1875 1022 1906 OTAE

977 1963 984 1978 ‘
1002 1959 1116 1991 Curis'
1132 1959 1235 1999 dicta,
1252 1964 1354 2000 atque
1371 1960 1455 1992 adeo
1468 1961 1567 1992 rebus
1583 1961 1675 1993 bello

975 2009 1121 2040 feliciter
1135 2010 1235 2049 gestis
1250 2009 1388 2049 gloriam
1402 2014 1437 2040 et
1461 2010 1674 2042 divinitatem

974 2064 1094 2090 nactus
1119 2059 1297 2098 Romulus,
1324 2059 1413 2099 ideo,
1435 2059 1545 2100 inquit
1568 2060 1676 2100 Naso,

228 1965 384 1997 collocati
401 1964 513 1994 meriti
528 1964 577 1994 sui
591 1967 687 2003 grata
703 1952 867 1993 mercede.

269 2017 331 2045 474
355 2014 486 2053 Timuit]
510 2013 564 2043 Ad
582 2013 776 2052 religionem
788 2015 922 2052 spectat

228 2063 318 2094 istud
335 2063 544 2102 epithetum:
572 2061 665 2092 fuere
682 2071 825 2102 namque
842 2061 919 2091 olim

227 2114 354 2153 pietate
379 2112 523 2151 insignes
547 2111 633 2150 Syri.
676 2111 779 2141 Forte
795 2115 919 2149 autem,

226 2162 435 2201 utScaligeri
449 2161 511 2190 fuit
523 2161 728 2199 conjectura,
738 2160 778 2190 ad
789 2160 918 2199 Syriam

226 2212 417 2253 phrenesim
455 2209 574 2240 alludit
613 2210 715 2240 Naso.
775 2210 826 2239 Ex
861 2219 920 2239 usu

224 2262 350 2303 quippe
378 2260 519 2300 piscium
549 2260 661 2289 timuit
697 2269 737 2289 ea
769 2269 850 2299 gens
879 2269 920 2290 ne

224 2312 288 2343 sibi
313 2315 433 2341 venter
460 2314 517 2339 aut
547 2309 730 2339 membrum
763 2309 851 2339 aliud
874 2309 921 2339 in-

227 2363 444 2391 tumesceret.

268 2413 329 2440 475
372 2407 536 2447 Proxima]
595 2406 758 2448 Adeoque
790 2408 922 2439 decimo

227 2463 346 2500 quarto
360 2457 532 2488 Kalendas
550 2457 704 2497 Murtias,
719 2468 777 2489 seu
790 2458 922 2490 decimo

227 2512 324 2538 sexto
342 2506 526 2537 Februarii.

272 2555 391 2595 Tertia]
449 2556 591 2585 Decimo
637 2557 740 2586 tertio
779 2558 924 2589 Kalend.

229 2606 332 2636 Mart.
348 2609 443 2634 erant
469 2604 674 2635 Quirinalia:
701 2616 773 2645 qua:
791 2608 923 2647 quidem

230 2655 336 2685 multo
351 2659 425 2694 post
440 2654 570 2684 Romuli
589 2664 647 2684 seu
664 2656 794 2687 Quirini
811 2666 923 2687 exces-

231 2714 302 2735 sum
320 2704 478 2734 instituta
495 2707 584 2733 sunt.

274 2756 335 2785 478
362 2752 448 2793 Telo]
481 2752 569 2785 Quia
583 2752 692 2794 hasta,
707 2763 780 2794 quae
794 2754 925 2786 Sabinis

975 2110 1136 2142 Quirinus
1152 2110 1239 2140 forte
1253 2109 1374 2140 dictus,

1016 2164 1079 2191 479
1105 2160 1262 2199 Quirites]
1302 2160 1349 2190 Ut
1366 2169 1385 2189 a
1401 2159 1590 2191 Quiritibus
1613 2169 1671 2191 sen

975 2209 1133 2240 Romanis
1150 2209 1312 2240 Quirinus
1323 2208 1433 2238 dictus
1446 2208 1672 2240 sitRomulus.

1017 2262 1080 2290 480
1107 2259 1218 2298 Cures]
1259 2259 1352 2289 Plur.
1368 2257 1500 2290 numeri
1513 2262 1646 2289 tantum
1662 2268 1674 2297 ;

977 2319 1097 2340 nomen
1115 2312 1167 2338 est
1183 2308 1271 2337 illius
1285 2307 1401 2347 oppidi
1419 2306 1476 2337 ubi
1492 2306 1674 2347 imperavit

975 2359 1251 2398 Tatius,quocum
1266 2357 1373 2388 t'oedus
1381 2357 1443 2387 hac
1453 2357 1526 2397 lege
1537 2366 1675 2397 percus-

977 2418 1061 2447 sum,
1078 2412 1113 2438 ut
1131 2407 1263 2447 populis
1277 2407 1404 2437 duobus
1414 2407 1554 2445 junctis,
1566 2407 1674 2436 Roma

977 2458 1110 2498 quidem
1143 2457 1315 2495 antiquum
1338 2464 1460 2485 nomen
1484 2464 1503 2484 a
1527 2455 1672 2486 Romulo

976 2507 1158 2545 obtineret,
1188 2506 1327 2535 Romani
1358 2515 1436 2535 vero
1468 2504 1618 2536 Quirites
1651 2515 1672 2536 a

978 2557 1122 2587 Curibus
1139 2555 1346 2585 dicerentur.

1019 2609 1079 2636 481
1112 2603 1223 2643 Pater]
1261 2604 1365 2641 Mars,
1398 2603 1544 2643 scilieet,
1573 2603 1673 2644 cujus

977 2666 1097 2686 numen
1115 2656 1202 2686 bello
1218 2656 1404 2695 praesertim
1421 2660 1554 2695 potens.

1020 2706 1123 2747 Nova]
1170 2707 1287 2737 Romae
1322 2707 1437 2747 Urbis,
1471 2716 1491 2737 a
1525 2705 1671 2738 Romulo

978 2761 1097 2796 posna-
