1773 3121
225 212 338 256 1846
708 224 751 253 P.
781 223 941 252 ovm11
974 222 1188 252 NASO-ms

224 320 413 362 Talibus
433 324 479 362 ut
496 323 669 361 nostros
691 319 820 361 dictis
843 318 1065 360 descendit
1083 319 1128 358 in
1149 331 1300 367 annoS,

284 388 488 429 Substitit
506 388 551 428 in
569 387 737 428 medios
756 387 944 440 praescia
965 385 1110 437 lingua
1130 397 1276 425 sonos,

225 454 458 508 Puppibus
478 467 683 507 egressus
706 453 831 494 Latia
850 453 969 492 stetit
987 452 1088 492 exul
1109 452 1150 491 in
1169 450 1316 491 herba.

283 520 424 571 Felix,
443 522 623 563 exilium
644 522 714 562 cui
732 521 859 560 locus
879 520 950 560 ille
974 519 1052 559 fuit
1069 520 1078 559 !
1588 517 1672 557 540

228 588 323 630 Nec
344 602 467 630 mora
484 590 617 642 longa
635 589 738 629 fuit:
770 589 947 628 stabant
965 599 1082 627 nova
1098 590 1243 627 tecta:
1274 597 1354 625 nec
1376 585 1482 625 alter

284 656 512 697 Montibus
533 655 744 697 Ausoniis
765 653 938 696 Arcade
958 653 1100 706 major
1121 657 1226 693 erat.

227 723 342 764 Ecce
361 725 499 764 boves
519 723 622 763 illuc
645 721 903 775 Erytheidas
924 721 1122 774 applicat
1141 720 1283 769 heros,

284 789 498 831 Emensus
518 791 632 842 longi
653 790 846 840 claviger
865 789 985 828 orbis
1008 788 1103 827 iter.

226 856 430 909 Dumque
447 858 547 897 huic
568 858 804 908 hospitium
825 856 983 896 domus
1004 858 1072 894 est
1088 854 1521 906 Tegeaeasvagantur
1590 852 1676 892 545

285 923 572 963 incustoditae
592 923 687 962 lata
708 934 787 974 per
809 934 915 961 arva
935 921 1089 960 boves.

227 988 360 1029 Mane
380 992 496 1029 erat:
527 1001 743 1028 excussus
763 1000 912 1027 somno
930 986 1184 1039 Tirynthius
1203 986 1362 1039 hospes

284 1055 354 1096 De
374 1068 550 1095 numero
570 1059 719 1096 tauros
741 1055 868 1095 sentit
886 1055 1040 1094 abesse
1060 1053 1183 1094 duos.
1294 1054 1295 1057 ’

226 1163 394 1195 Descendit
410 1163 443 1193 in
458 1166 577 1193 nostros
591 1173 683 1202 agros
697 1163 868 1202 hujusmodi
884 1164 1030 1204 auspiciis
1042 1174 1053 1199 ;
1075 1163 1183 1202 lingua
1204 1163 1336 1203 praescia
1357 1162 1497 1194 substitit
1513 1162 1546 1193 in
1561 1162 1678 1194 medias

226 1216 322 1236 voces.
369 1205 527 1243 Profugus
542 1215 681 1244 egressus
695 1206 824 1236 navibus
843 1206 933 1236 stetit
948 1206 981 1236 in
994 1205 1138 1244 gramine
1152 1206 1277 1235 Latino.
1322 1206 1452 1243 Beatus,
1466 1205 1516 1236 cui
1531 1205 1582 1236 ille
1597 1206 1678 1235 locus

218 1249 293 1285 fuit
309 1247 437 1278 exilium
449 1248 464 1278 !
500 1248 608 1287 Neque
624 1252 743 1287 tempus
752 1247 819 1284 fuit
835 1248 958 1286 longum
972 1258 982 1283 ;
1006 1258 1084 1278 nni-a
1109 1248 1241 1288 (edificia
1257 1251 1433 1278 constructa
1449 1251 1536 1278 erant
1549 1258 1562 1284 ;
1584 1256 1677 1286 neque

227 1291 307 1320 alius
320 1293 386 1320 erat
401 1290 497 1328 major
512 1290 633 1320 Arcade
647 1290 680 1319 in
695 1290 819 1319 collibus
834 1290 989 1321 Ausoniis.
1037 1290 1116 1320 Ecce
1132 1289 1220 1320 heros
1235 1289 1372 1328 claviger
1384 1293 1551 1328 peragrato
1566 1288 1677 1319 itinere

228 1333 308 1363 vasti
323 1331 405 1361 orbis
421 1332 544 1362 advehit
560 1332 632 1362 illuc
647 1342 754 1361 vaccas
772 1332 959 1362 Eritheides.
1005 1332 1047 1362 Et
1072 1334 1144 1363 dum
1159 1333 1264 1362 domus
1292 1331 1419 1369 Tegeoea
1433 1334 1479 1361 est
1495 1331 1564 1361 huic
1578 1331 1679 1370 hospi-

228 1375 319 1413 tium,
325 1375 464 1412 Juvencoe
479 1374 675 1404 incustotlitoe
698 1378 803 1404 errant
818 1384 872 1413 per
895 1384 1025 1404 amoenos
1040 1384 1170 1413 campos,
1215 1374 1312 1404 Mane
1335 1376 1421 1404 erat:
1444 1373 1549 1412 hospes
1566 1373 1678 1413 Tiryn-

228 1417 313 1448 thius
327 1417 481 1447 excz'tatus
500 1426 519 1446 a
540 1425 642 1445 somno
658 1415 794 1446 advertit
817 1417 891 1446 duos
915 1416 1004 1446 boves
1019 1417 1120 1446 deesse
1135 1425 1270 1446 numero.
1314 1415 1465 1445 Lusii-aus
1486 1416 1571 1446 nulla
1594 1416 1678 1446 videt

834 1509 1069 1520 eeeeeeeeeeee

229 1565 316 1604 i)»se,·
339 1568 375 1596 et
401 1566 565 1606 Excerpt.
591 1567 690 1597 Voss.
716 1565 780 1604 ipse
805 1566 1042 1594 recuses-537
1070 1562 1195 1593 Talibus
1218 1561 1363 1602 auspiciis
1390 1561 1519 1593 Arund.
1549 1566 1585 1594 et
1611 1567 1680 1595 tres

203 1636 206 1637 γ
230 1608 296 1638 alii.
341 1607 387 1638 At
408 1609 534 1646 Ursini,
549 1609 678 1639 Zulich.
701 1608 791 1638 Maz.
810 1607 961 1646 Nauger.
979 1606 1076 1636 Voss.
1089 1610 1124 1635 et
1148 1610 1217 1636 tres
1230 1605 1301 1644 alii,
1320 1604 1443 1636 Talibus
1457 1606 1602 1644 auspiciis
1615 1617 1680 1638 nos-

231 1653 295 1679 tros
310 1650 465 1681 descendit
477 1652 516 1681 ad
529 1661 641 1689 agros.-
664 1650 747 1680 dicta
763 1649 818 1679 hic
836 1658 897 1688 pro
910 1648 1092 1678 Vaticiniis
1119 1648 1249 1678 sumsit.
1291 1647 1379 1677 Vide
1397 1653 1494 1678 notas
1521 1648 1553 1678 in
1571 1649 1682 1688 Epist.

233 1701 263 1720 v.
281 1694 332 1722 33.
350 1693 448 1732 [Not.
474 1694 623 1733 Varior.]
637 1693 748 1724 Heius.
774 1692 845 1722 Nos
864 1691 1032 1730 vulgatam
1055 1690 1260 1727 reduximus,
1274 1690 1307 1719 in
1335 1699 1399 1730 qua
1415 1699 1531 1720 seusus
1549 1691 1680 1730 melior,

230 1738 267 1764 et
282 1743 382 1774 quam
401 1735 456 1766 Fr.
474 1739 510 1766 et
534 1736 681 1775 optimus
697 1735 836 1775 quisque
853 1733 1024 1773 agnoscit:
1049 1732 1225 1763 descendit
1242 1732 1329 1762 enim
1357 1732 1398 1762 ab
1415 1732 1520 1762 AEnea
1543 1733 1583 1763 ad
1611 1733 1681 1765 Au-

229 1776 318 1815 gusti
344 1781 379 1807 et
409 1777 534 1808 Tiberii
559 1782 733 1818 tempora:
757 1778 798 1806 ad
827 1785 922 1806 annos
946 1774 1049 1805 etiam
1079 1774 1209 1805 Arund.
1233 1779 1267 1805 et
1289 1783 1373 1804 unus
1396 1775 1496 1805 Voss.
1521 1775 1680 1806 Bura—-

230 1820 293 1848 538
326 1819 605 1857 Sligtenhorstius
637 1819 787 1850 malebat
813 1818 847 1848 in
876 1817 1123 1848 mediis...sonis.·
1148 1818 1311 1856 Excerpt.
1342 1817 1531 1849 Kloekhov.
1563 1821 1599 1848 et
1626 1819 1681 1850 Fr.
1740 1838 1744 1839 ν

230 1861 551 1893 7,ῑε<1ι”ο...εοηο.-539
574 1863 696 1902 Margo
721 1860 868 1901 Gryphii
894 1865 930 1891 et
961 1859 1092 1900 Mycilli
1121 1860 1194 1890 exul
1215 1861 1426 1890 arenae—540
1459 1859 1590 1890 Thuan'.
1613 1860 1681 1892 Fet.

231 1903 319 1933 exilii
344 1904 513 1935 σιώ-541
539 1904 657 1935 Heins.
673 1904 791 1934 mallet
813 1903 896 1941 long.
910 1902 1004 1940 subit,
1020 1902 1097 1943 quia
1120 1902 1191 1942 jam
1217 1901 1394 1941 praecessit
1415 1901 1510 1938 fuit‚·
1533 1902 1595 1931 uisi
1611 1901 1679 1933 illic

230 1945 335 1974 inavis
362 1949 567 1978 suum—543
602 1946 754 1986 Scaliger
779 1945 962 1975 Eritheidas
991 1944 1137 1983 legebat.
1180 1943 1267 1972 Dein
1299 1952 1361 1981 pro
1395 1942 1531 1982 applicat
1559 1942 1677 1974 Heius.

231 1987 324 2016 malit
341 1989 479 2026 appulit.-
506 1998 588 2020 unus
616 1990 694 2019 Pat.
711 1987 848 2028 applicat
874 1996 964 2021 oras;
988 1990 1022 2015 et
1040 1985 1159 2015 Heius.
1184 1984 1270 2023 conj.
1286 1993 1374 2020 orae5
1396 1983 1418 2014 i.
1434 1993 1464 2014 e.
1491 1984 1571 2015 illue
1599 1994 1678 2017 orae.

231 2030 335 2058 —545
347 2029 415 2059 Alii
435 2030 574 2069 Tegeoea,
590 2031 644 2061 vel
663 2030 890 2068 Tegea—546
902 2027 1016 2057 Ursin.
1033 2026 1121 2056 Maz.
1135 2026 1264 2056 Zulich.
1280 2029 1316 2056 et
1331 2029 1474 2066 quatuor
1489 2026 1545 2056 alii
1561 2027 1679 2059 Incust.

232 2071 304 2099 loeta
317 2074 488 2108 pen—547
511 2072 610 2112 Saepe
626 2071 794 2102 edebatur
817 2070 852 2100 Τ.
866 2070 973 2099 heros.-
998 2068 1161 2108 Neapolis
1189 2077 1230 2098 ex
1258 2068 1440 2098 veterrimo
1471 2068 1556 2099 Cod.
1583 2070 1681 2100 resti-

233 2112 300 2143 tuit
324 2112 449 2152 hospes:
473 2113 553 2145 Pet.
579 2113 684 2144 habet
704 2115 824 2149 auctor,
838 2110 926 2142 unde
943 2110 1063 2142 Heius.
1090 2110 1237 2142 faciebat
1262 2111 1468 2154 actast—548
1490 2110 1610 2143 Heius.
1635 2121 1679 2143 ex

885 2201 1023 2233 NOTAE

274 2277 336 2307 538
359 2275 524 2316 Substitit]
562 2275 675 2318 Atque
702 2276 787 2307 adeo
813 2276 926 2307 omnia
1023 2278 1085 2308 542
1108 2275 1245 2316 Arcade]
1275 2275 1445 2317 Evandro,
1459 2274 1531 2308 scil.
1554 2276 1612 2318 qui
1635 2284 1679 2307 ex

234 2337 308 2368 quae
333 2332 445 2358 mente
471 2327 623 2367 agitabat
642 2329 718 2358 Deo
734 2327 843 2368 plena,
859 2336 925 2357 non
980 2326 1130 2357 Arcadia
1145 2325 1358 2367 profugerat.

233 2377 393 2418 profudit.
425 2378 565 2409 Scilicet
581 2388 599 2408 e
623 2387 657 2408 re
676 2387 742 2408 non
757 2377 822 2408 fuit
838 2377 925 2409 Poe·
1022 2380 1084 2408 543
1110 2377 1312 2417 Erytheidas]
1345 2377 1438 2409 Quas
1463 2385 1506 2407 ex
1536 2375 1679 2417 Erythia

233 2432 292 2466 tae,
305 2437 413 2468 neque
429 2437 472 2458 ex
488 2427 592 2468 facili,
608 2429 705 2468 plura
720 2429 866 2469 aperire.
978 2428 1085 2458 insula
1100 2427 1132 2459 in
1149 2427 1236 2458 freto
1255 2426 1440 2466 Gaditano,
1463 2426 1520 2457 ubi
1537 2426 1677 2468 Geryon

275 2479 338 2508 539
363 2478 462 2517 Eaeul]
486 2478 652 2516 Evander,
669 2479 740 2510 scil.
978 2486 1138 2518 regnasse
1152 2476 1289 2514 dicitur,
1301 2476 1485 2507 Herculem
1497 2476 1679 2508 abduxisse

276 2529 338 2557 540
362 2527 434 2567 Ille]
451 2528 518 2558 Pro
535 2537 571 2558 se
587 2528 736 2568 loquitur
751 2529 856 2567 Naso,
869 2528 926 2569 qui
980 2526 1119 2558 fabulati
1138 2531 1226 2557 sunt.

233 2576 466 2608 lubentissime
490 2577 523 2608 iu
550 2577 623 2608 illas
650 2587 723 2607 oras
743 2579 927 2609 concessis·
1021 2580 1084 2608 544
1109 2575 1267 2615 Claviger]
1282 2574 1420 2606 Scilicet
1435 2575 1564 2606 clavam
1581 2585 1677 2608 suam

236 2629 299 2657 set.
983 2633 1016 2659 et
1039 2628 1161 2668 penem
1185 2627 1351 2658 leoninam
1368 2626 1486 2658 habuit
1497 2627 1679 2671 Hercula,

276 2678 337 2706 541
363 2675 452 2706 Nova
467 2675 563 2715 tecta]
587 2677 691 2707 Novis
712 2676 845 2707 sedibus
864 2677 928 2708 Pa·
983 2687 1126 2719 peregre
1143 2676 1341 2717 praesertim.

234 2726 386 2763 lantiam,
400 2735 419 2756 a
438 2726 545 2757 veteri
564 2726 646 2758 urbe
663 2736 764 2768 quam
786 2727 930 2769 relique·
1025 2731 1086 2759 545
1106 2726 1247 2766 Tegeoea]
1262 2725 1432 2758 Arcadica
1443 2726 1606 2767 Evandri,
1618 2727 1678 2769 qui

236 2779 325 2816 rant,
342 2784 462 2808 nomen
478 2775 717 2817 imposuerunt.
982 2777 1126 2819 hospitio
1137 2777 1321 2810 Herculem
1330 2776 1481 2819 excepit.
1496 2777 1577 2810 Fuit
1587 2777 1677 2810 enim
