1773 3121
547 231 810 264 PASTORUM
843 230 940 262 MR.
974 232 1009 261 11
1018 251 1029 262 .

1400 225 1486 268 192
1493 226 1513 267 Ι

71 323 208 366 Nulla
227 325 306 367 tibi
325 324 504 367 ambitio
524 328 615 365 est:
645 324 761 364 nullo
783 325 1077 378 corrumperis
1096 338 1219 369 auro.

126 391 343 445 Legitima
361 403 508 433 servas
528 390 692 432 credita
709 403 807 431 rura
825 390 927 433 fide.

69 457 119 498 Si
135 462 180 499 tu
199 459 418 512 signasses
439 457 542 498 olim
562 456 831 510 Thyreatida
851 461 1022 507 terram,

127 524 321 579 Corpora
338 537 423 565 non
444 525 527 566 leto
544 525 681 565 missa
700 528 890 565 trecenta
909 525 1051 566 forent
1068 538 1078 566 ε

70 590 172 633 Nec
193 591 302 633 foret
322 590 569 644 Othryades
591 592 810 644 congestis
831 596 969 633 tectus
990 593 1034 633 in
1055 594 1202 636 armis.

1430 596 1517 640 665

126 657 166 698 Ο
185 661 388 711 quantum
409 660 566 711 patriae
587 660 808 712 sanguinis
828 659 899 699 ille
920 660 1064 701 dedit!

71 723 207 776 Quid,
226 736 338 764 nova
360 737 459 765 cum
478 725 628 766 fierent
648 724 904 779 Capitolia?
935 740 1096 780 nempe
1120 727 1315 770 Deorum

124 789 295 832 Cuncta
314 790 341 832 J
348 792 421 832 ovi
439 791 575 832 cessit
592 792 735 842 turba,
756 792 990 847 locumque
1012 793 1146 835 dedit.

65 854 294 898 Terminus
323 856 394 912 (ut
412 863 586 899 veteres
606 858 870 913 memorant)
901 866 1138 903 conventus
1155 861 1202 902 in
1222 862 1318 905 aede

124 922 329 965 Restitit:
362 928 406 965 et
423 937 579 978 magno
598 938 696 966 cum
714 925 829 967 Jove
848 928 1016 980 templa
1033 931 1163 970 tenet.

1434 930 1520 972 670

66 1041 133 1074 sine
149 1045 190 1073 te.
238 1043 332 1073 Nulla
346 1043 461 1075 esttibi
477 1044 605 1075 ambitio
620 1055 630 1081 ;
653 1045 734 1077 nullo
748 1055 822 1077 aura
837 1046 1002 1078 dimoveris
1017 1058 1035 1078 a
1050 1057 1130 1079 tero.
1178 1049 1322 1080 Custodis
1335 1059 1427 1089 agros
1440 1059 1521 1081 com-

68 1084 252 1126 misso-§fide
266 1085 456 1116 intemerata.
501 1086 538 1118 Si
553 1090 587 1118 tu
603 1088 675 1118 olim
690 1089 885 1119 ‹listina-isses
895 1092 1013 1120 terram
1026 1090 1225 1130 Thyreatida,
1242 1094 1380 1122 trecenta
1395 1102 1522 1132 corpora

67 1136 129 1157 non
143 1130 240 1157 essent
254 1128 329 1158 data
344 1128 408 1158 neci
421 1139 430 1158 .-
453 1137 548 1168 neque
566 1129 743 1170 Othryades
758 1134 834 1160 esset
860 1132 975 1161 celatus
996 1132 1030 1161 in
1053 1133 1149 1161 armis
1163 1133 1335 1164 cumulatis.
1382 1135 1411 1163 0
1425 1143 1522 1173 quun-

68 1171 135 1199 tum
148 1169 201 1200 itte
214 1169 299 1199 dedit
314 1171 473 1209 sanguinis
491 1171 612 1200 Patrioe
622 1170 637 1200 Ι
666 1172 762 1209 Quid,
777 1182 845 1202 cum
860 1182 938 1202 nova
957 1173 1112 1211 Capitolia
1124 1173 1337 1212 ponerentur?
1360 1175 1523 1205 Nimirum

67 1210 165 1241 omnis
177 1210 269 1241 turba
285 1211 426 1241 Deorum
441 1211 530 1242 cessit
545 1212 632 1249 Jom',
644 1216 675 1242 et
684 1213 817 1252 praebuit
833 1215 940 1244 locum.
988 1214 1149 1244 Terminus
1171 1216 1335 1253 consultus,
1349 1218 1385 1246 nt
1399 1216 1523 1256 antiqui

62 1256 207 1292 narrant,
215 1252 333 1283 restitit
344 1253 499 1294 intemplo
510 1263 522 1290 ‚·
543 1256 636 1294 atque
646 1254 737 1285 habet
745 1256 842 1285 oedem
852 1265 921 1286 cum
931 1264 1044 1295 magno
1057 1256 1146 1288 Jove.
1174 1257 1267 1288 Nunc
1280 1258 1388 1298 etiam,
1397 1268 1434 1290 ne
1445 1259 1522 1300 quid

674 1335 790 1348 Onne

794 1337 907 1349 ‘‘‘‘‘‘

60 1389 255 1430 piae—659
268 1389 325 1421 Sa.
340 1391 459 1430 ingent.
475 1391 599 1431 signas.-
614 1391 701 1422 alius
716 1391 944 1431 signat—662
956 1393 1051 1424 Unus
1066 1404 1146 1425 serv.
1157 1394 1280 1425 condita
1293 1404 1361 1426 rur.
1375 1394 1442 1426 duo
1457 1404 1523 1427 cre·

65 1430 218 1469 ditajura

221 1432 390 1474 jun—663
402 1433 470 1464 Alii
482 1434 634 1465 scribunt
647 1434 800 1474 Thyret'da
811 1445 821 1465 .·
838 1435 892 1465 Fr.
909 1436 1206 1467 Triatem'dm—ffif)
1231 1437 1374 1467 Plurimi
1396 1438 1436 1468 0.
1452 1448 1524 1470 con·

59 1472 155 1512 jectis
161 1476 234 1505 tect.
245 1474 311 1506 duo
323 1476 596 1507 contextim—666
607 1475 647 1506 P.
654 1476 759 1515 patris
767 1486 829 1516 pro
840 1477 1074 1517 patrna—669
1087 1478 1261 1509 Contentus
1271 1488 1313 1509 ex
1323 1479 1416 1510 Maz.
1424 1479 1523 1512 Voss.

68 1519 104 1547 et
118 1515 226 1547 tribu·
236 1516 332 1556 aliis3
350 1517 440 1558 vulg.
456 1518 615 1550 inventus.-
632 1518 749 1550 Burm.
762 1519 849 1560 conj.
866 1521 1165 1552 auctentum—670
1179 1520 1361 1561 Gottorph.
1372 1524 1464 1562 temp.
1477 1524 1522 1554 te-

719 1603 865 1636 NOTAE

110 1665 175 1696 662
198 1663 325 1706 δον-ναι]
346 1665 401 1696 Ne
428 1675 448 1696 a
471 1675 639 1707 quoquam
660 1675 703 1696 ex
726 1675 767 1697 eo

69 1715 159 1756 quod
175 1715 340 1755 cujusque
356 1719 410 1746 est
425 1715 635 1746 detrahatur.

110 1767 174 1796 663
201 1764 408 1805 Thyreatida]
443 1765 595 1795 Fuerunt
622 1765 766 1804 'I'hyreae

69 1823 128 1845 seu
155 1814 289 1855 Thyrea
315 1814 478 1854 oppidum
508 1814 550 1844 ad
581 1813 702 1853 Argivi
733 1817 769 1844 et

68 1863 317 1896 Lacedaemonii
346 1864 418 1904 agri
449 1863 614 1901 confinia3
654 1872 674 1893 a
703 1872 768 1903 quo

69 1918 164 1945 terra
189 1914 365 1954 Thyreatis
393 1914 498 1953 dicta,
535 1913 632 1952 cujus
669 1921 768 1943 causa

69 1962 194 1994 bellum
210 1962 355 2003 Argivos
377 1963 465 1993 inter
491 1967 526 1993 et
550 1961 766 1993 Lacedaemo-

68 2011 142 2043 nios
155 2016 280 2044 ortum.

110 2065 174 2095 ⁶64
200 2063 364 2103 Trecenta]
388 2063 567 2105 Utrimque
585 2063 672 2094 enim
698 2068 766 2094 tam

70 2114 113 2146 ab
138 2113 342 2155 Argivorum
374 2125 474 2157 quam
499 2115 768 2147 Lacedaemonio-

70 2173 142 2197 rum
172 2171 282 2206 parte,
310 2167 456 2197 trecenti
493 2166 662 2198 communi
689 2175 769 2196 con-

69 2223 169 2247 sensu
184 2225 225 2246 ea
251 2216 324 2255 lege
348 2222 581 2255 certaverunt,
598 2221 635 2247 ut
659 2216 768 2247 utrius

68 2264 161 2297 urbis
183 2267 325 2297 trecenti
343 2267 488 2297 victores
505 2266 659 2305 fument,
680 2266 768 2296 illius

69 2313 212 2346 victoria
234 2321 442 2347 censeretur.
487 2316 600 2357 Atque
626 2326 668 2346 ex
694 2325 768 2345 sex-

70 2365 181 2396 centis
206 2369 276 2396 tres
299 2371 430 2397 tantum
455 2365 676 2406 superfuere;
703 2364 770 2395 duo

71 2413 207 2455 quidem
237 2415 368 2455 Argivi,
409 2416 525 2446 unicus
561 2416 772 2456 Spartanum

71 2463 128 2505 qni
158 2469 269 2496 tamen
302 2467 469 2506 posterior
502 2466 580 2496 dolo
618 2466 769 2497 victoriae

72 2513 265 2545 testimonia
302 2515 334 2546 in
379 2521 490 2547 castra
538 2526 598 2546 sua
641 2515 769 2545 retulit.

73 2560 183 2594 Quam
198 2572 268 2594 rem
287 2565 416 2604 prolixe
432 2572 546 2595 narrat
567 2564 771 2595 Herodotus.

115 2612 179 2643 ⁶⁶⁶
205 2613 394 2655 Othryades]
420 2615 485 2646 Hic
509 2616 697 2656 Spartanus
715 2616 770 2645 iile

78 2656 154 2698 fult,
179 2662 235 2701 qui
261 2664 348 2693 notus
374 2672 562 2704 superfice,
593 2671 770 2706 postquam

78 2706 148 2739 duo
163 2707 279 2749 Argivi
302 2715 394 2744 velut
422 2715 566 2747 victores
591 2727 625 2747 ue
652 2717 686 2747 in
714 2726 771 2757 pa·

80 2756 181 2789 triam
207 2761 426 2802 recepinent,
451 2765 602 2804 apoliatin
631 2765 773 2806 Argivo-

168 2810 281 2853 Detpn.
293 2815 323 2844 et
338 2812 411 2847 Ver.
428 2814 513 2848 ctas.

761 2816 855 2849 ovid.

822 1675 895 1697 rum
907 1666 1141 1706 cadaveribus,
1154 1675 1247 1698 arma
1261 1666 1410 1707 hostilia,
1424 1668 1523 1708 quasi

822 1715 973 1748 victoriae
989 1716 1194 1756 testimonia,
1207 1716 1241 1747 in
1259 1720 1371 1747 castra
1393 1725 1453 1748 sua
1473 1725 1525 1748 re·

823 1766 912 1798 tulit.

863 1818 928 1846 666
951 1815 1073 1846 Patrioe
1088 1815 1190 1855 dedit]
1220 1815 1273 1846 Ad
1291 1813 1372 1846 illud
1389 1815 1526 1856 alludit,

822 1865 857 1895 ni
872 1864 982 1905 fallor,
997 1865 1086 1905 quod
1103 1865 1179 1897 dolo
1196 1874 1254 1896 suo
1271 1865 1348 1896 novi
1366 1866 1524 1897 certami-

821 1914 873 1944 nis
902 1923 1002 1945 causa
1028 1913 1115 1954 fuit3
1150 1915 1315 1955 siquidem
1347 1919 1525 1956 postquam

821 1967 964 2004 uterque
990 1965 1135 2004 populus
1160 1964 1192 1994 in
1220 1964 1368 1994 medium
1387 1963 1528 2004 prodiit,

821 2011 970 2052 Argivis,
986 2013 1043 2053 qni
1062 2013 1173 2052 plures
1187 2012 1446 2053 superfuissent,
1462 2012 1525 2044 La-

821 2061 1035 2101 cedaemonii‚
1060 2063 1137 2103 quia
1161 2062 1357 2102 Othryades
1386 2071 1451 2093 non
1473 2061 1527 2093 fu-

823 2111 941 2152 gisset,
954 2116 990 2143 et
1005 2122 1047 2143 ex
1065 2113 1215 2144 hostibus
1232 2113 1339 2153 spolia
1356 2116 1526 2152 reportas-

821 2167 886 2201 set,
902 2163 1092 2194 concedere
1108 2163 1287 2195 noluerint.
1314 2163 1362 2193 Ex
1380 2172 1420 2193 ea
1436 2162 1527 2195 enim

823 2216 1044 2246 contentione
1068 2215 1151 2246 inito
1169 2216 1286 2256 pr‘aelio
1311 2214 1528 2247 Lacedaemo·

823 2263 869 2293 nii
888 2263 1035 2295 victores
1052 2265 1292 2296 discesserunt.

865 2318 927 2346 667
955 2316 1130 2356 Capitolia]
1178 2317 1354 2357 Templum
1382 2315 1460 2348 Jovi
1490 2316 1526 2348 in

825 2366 911 2396 colle
941 2366 1148 2406 Capitolino,
1173 2366 1262 2408 quod
1291 2376 1309 2396 a
1339 2365 1526 2407 Tarquinio

829 2415 946 2445 Prisco
973 2415 1146 2455 inceptum
1173 2425 1215 2445 ex
1241 2420 1332 2455 voto,
1347 2414 1407 2446 sed
1431 2425 1450 2446 a
1469 2423 1527 2447 ne-

826 2470 905 2504 pote
922 2465 1077 2504 Superbo
1093 2465 1294 2497 absolutum.

867 2518 929 2546 668
948 2514 1064 2553 Cea-m]
1084 2516 1138 2546 Dii
1157 2516 1263 2546 ceteri
1281 2515 1453 2556 Geniique
1469 2515 1526 2556 qui

825 2565 858 2595 in
885 2565 1080 2604 Capitolino
1106 2571 1220 2596 monte
1244 2575 1316 2596 aras
1342 2564 1528 2605 habebant,

827 2614 1000 2646 transferri
1018 2615 1049 2645 in
1067 2615 1132 2645 alia
1145 2616 1218 2646 loca
1237 2617 1473 2656 permiserunt,
1488 2618 1526 2644 ut

825 2666 903 2698 Jovi
928 2665 1102 2704 cederent,
1130 2666 1289 2697 Termino
1317 2669 1352 2695 et
1374 2664 1527 2695 Juventa

826 2716 992 2756 exceptis,
1007 2717 1080 2756 qui,
1093 2721 1128 2746 ut
1144 2716 1264 2746 aeterni
1281 2711 1415 2754 imperii
1427 2720 1526 2743 omen

827 2764 996 2806 facerent,
1009 2765 1217 2797 restiterunt.

1364 2816 1388 2844 ὃ
1411 2812 1437 2845 F
