1773 3121
169 216 281 258 2154
651 229 692 261 P.
725 228 884 260 ov1n11
917 227 1128 259 NAsoms

169 323 365 377 Utraque
386 326 644 377 nupserunt3
677 325 818 365 ambae
841 325 1063 378 peperisse
1085 324 1299 365 feruntur:

226 392 295 432 De
317 392 452 432 tribus
471 391 703 444 impatiens
721 393 878 433 restitit
900 406 984 433 una
1003 393 1096 433 viri.

171 458 290 508 Quid
311 459 482 508 mirum,
503 459 622 511 virgo
640 459 679 499 si
699 459 864 512 virgine
883 460 988 501 laeta
1008 460 1205 500 ministra

225 525 430 567 Admittit
447 529 593 566 castas
613 527 654 566 in
675 539 757 567 sua
775 539 902 567 sacra
922 540 1074 567 manus
1090 528 1108 567 2
1529 522 1614 564 290

169 591 266 633 Nec
289 597 335 634 tu
355 592 476 634 aliud
496 593 693 644 Vestam,
716 607 847 647 quam
867 594 1014 635 vivam
1035 593 1225 645 intellige
1243 592 1478 633 flammam.

223 658 428 713 Nataque
452 660 504 700 de
523 660 700 701 flamma
720 673 904 714 corpora
923 661 1041 701 nulla
1061 660 1196 701 vides.

166 726 194 767 J
200 739 276 767 ure
294 727 423 779 igitur
442 727 564 779 virgo
587 731 669 775 est,
690 740 789 779 quae
809 727 974 766 semina
993 727 1112 767 nulla
1132 725 1325 775 remittit,

225 791 268 833 N
273 805 323 832 ec
345 793 491 844 capit:
523 795 565 831 et
585 791 771 830 comites
792 791 1053 841 virginitatis
1072 793 1219 834 habet.

166 857 276 898 Esse
299 857 372 897 diu
392 857 548 897 stultus
568 854 720 895 Vestae
743 855 980 895 simulacra
999 858 1153 908 putavi
1170 871 1180 897 ε
1529 855 1617 898 295

223 923 336 965 Mox
357 923 494 964 didici
515 935 649 963 curvo
669 922 789 963 nulla
810 923 991 963 subesse
1011 922 1148 964 tholo.

166 990 287 1044 Ignis
307 991 570 1031 inextinctus
592 991 758 1043 templo
780 990 942 1031 celatur
961 990 1006 1030 in
1028 991 1118 1031 illo.

224 1058 421 1111 Effigiem
437 1058 599 1098 nullam
619 1057 777 1107 Vesta,
797 1071 880 1098 nec
896 1059 1026 1111 ignis,
1047 1058 1224 1099 habent.

166 1125 267 1167 Stat
286 1127 332 1166 vi
352 1129 463 1166 terra
485 1138 588 1165 sua:
619 1126 663 1166 vi
684 1125 841 1166 stando
861 1125 1002 1167 Vesta
1023 1129 1214 1167 vocatur.
1526 1175 1530 1180 .

223 1193 457 1246 Causaque
478 1205 557 1245 par
580 1191 703 1232 Graii
723 1193 910 1232 nominis
932 1206 1033 1233 esse
1054 1197 1214 1245 potest.
1533 1189 1618 1231 300

166 1258 226 1300 At
246 1259 370 1300 focus
391 1272 417 1299 a
437 1258 640 1308 fiammis,
661 1262 703 1298 et
723 1259 843 1310 quod
863 1259 985 1300 fovet
1006 1259 1156 1300 omnia
1177 1257 1347 1298 dictus:

220 1324 310 1375 Qui
331 1329 472 1366 tamen
490 1325 535 1364 in
556 1325 709 1376 primis
732 1325 902 1364 aedibus
924 1329 1021 1365 ante
1044 1326 1142 1365 fuit.

167 1392 288 1433 Hinc
307 1404 480 1444 quoque
499 1390 761 1430 vestibulum
782 1391 871 1431 dici
891 1405 1014 1433 reor:
1045 1392 1146 1431 inde
1167 1389 1388 1444 'precando

221 1457 421 1498 Affamur
440 1456 643 1507 Vestam,
665 1456 781 1507 Quae
799 1459 900 1500 loca
919 1460 1061 1512 prima
1079 1461 1217 1499 tenes.

162 1593 274 1631 partus
290 1589 422 1620 edidisse
433 1600 443 1619 .·
465 1599 526 1619 aaa
541 1598 581 1619 ex
596 1588 697 1619 tribus
711 1588 825 1619 mansit
841 1589 1006 1630 impatiens
1029 1588 1102 1619 viri.
1148 1587 1232 1623 Quid
1254 1584 1378 1625 mirum,
1399 1584 1428 1616 si
1442 1585 1530 1624 virgo
1543 1594 1620 1625 gau-

166 1633 240 1663 dens
254 1634 411 1662 sacerdote
425 1632 548 1670 virg-ine
562 1633 702 1662 admovet
716 1641 824 1662 manus
837 1635 937 1662 castas
953 1633 984 1662 in
999 1641 1054 1662 sua
1067 1629 1178 1662 sacra?
1224 1630 1290 1660 Nec
1306 1632 1341 1659 tu
1354 1627 1476 1668 concipe
1495 1627 1619 1659 Vestam

167 1684 241 1705 esse
258 1674 355 1712 aliud,
372 1684 462 1714 quam
485 1676 643 1704 ardentem
660 1674 823 1714 flammam
835 1685 845 1704 .-
868 1679 959 1714 atque
980 1675 1064 1704 nulla
1079 1674 1190 1713 aspicis
1204 1681 1331 1711 corpora
1346 1674 1415 1701 orta
1430 1680 1470 1701 ex
1475 1669 1619 1710 flamma.

166 1717 287 1748 DIerito
302 1726 376 1756 ergo
389 1720 434 1747 est
448 1717 549 1755 virgo,
565 1727 631 1756 (μισ.)
647 1717 729 1746 nulla
741 1717 857 1747 semina
872 1718 986 1755 reddit,
999 1726 1054 1747 nec
1068 1715 1198 1755 concipit
1210 1725 1220 1751 ,·
1244 1717 1274 1744 et
1295 1713 1385 1744 habet
1408 1713 1534 1744 comites
1558 1712 1622 1742 tir-

165 1759 324 1798 ginitatis.
371 1760 442 1798 Ego
461 1759 584 1798 ineptus
599 1759 652 1788 diu
666 1759 783 1789 credidi
798 1769 860 1790 esse
874 1760 1042 1798 imaginem
1063 1759 1181 1790 Vestae:
1204 1757 1314 1788 deinde
1329 1757 1450 1787 edoctas
1471 1765 1539 1786 sum
1553 1755 1620 1785 nul-

167 1803 229 1832 lam
257 1801 376 1832 subesse
401 1811 533 1831 com-exo
562 1801 653 1831 tholo.
699 1801 789 1839 Ignis
803 1805 936 1833 aeternus
949 1805 1091 1832 servatur
1113 1801 1146 1831 in
1168 1800 1223 1831 illa
1238 1801 1312 1830 ade.
1363 1799 1457 1830 Vesta
1471 1807 1526 1828 nec
1538 1796 1622 1836 ignis

167 1844 283 1874 nullam
304 1843 417 1874 habent
432 1844 610 1882 imaginem.
659 1844 761 1874 Tellus
774 1847 837 1874 stat
849 1846 879 1875 ri
893 1855 948 1875 sua
959 1855 970 1881 ‚·
997 1844 1090 1875 Vesta
1103 1843 1219 1874 dicitur
1233 1843 1265 1872 vi
1279 1842 1409 1872 stando:
1433 1843 1524 1880 atque
1536 1839 1621 1870 ratio

166 1886 299 1916 nominis
317 1886 423 1916 Groeci
443 1890 544 1926 potest
558 1896 622 1917 esse
636 1886 759 1917 similis.
804 1888 848 1917 At
871 1887 965 1925 focus
985 1888 1158 1927 appellatus
1181 1895 1200 1916 α
1215 1884 1366 1925 flammis,
1392 1886 1422 1914 et
1444 1883 1517 1923 qaia
1531 1881 1621 1920 fovet

167 1928 270 1959 omnia
283 1938 293 1964 ;
313 1929 366 1968 qui
397 1932 499 1959 tamen
526 1929 614 1968 prius
635 1929 705 1966 fuit
731 1930 763 1959 in
782 1930 895 1969 primis
917 1929 1045 1960 cedibus.
1090 1929 1177 1959 Hinc
1202 1928 1296 1958 etiam
1318 1927 1426 1966 opinor
1440 1924 1621 1956 vestibulum

167 1970 317 2010 appellari
330 1982 342 2008 ,⁴
364 1971 437 2002 inde
453 1971 636 2011 alloquimur
652 1972 775 2002 Vestam
786 1973 952 2012 precando,
970 1973 1048 2007 Quae
1062 1971 1181 2002 obtines
1190 1970 1297 2011 prima
1307 1970 1382 2000 loca.
1429 1966 1620 1999 Consuetudo

773 2051 1005 2062 memnone·

169 2104 353 2132 tam—289
376 2102 429 2132 Fr.
449 2102 585 2132 ministr.
601 2105 765 2132 ests—290
787 2103 842 2132 Fr.
857 2103 1016 2133 Admittat
1035 2107 1112 2133 cast.
1147 2103 1235 2133 Tum
1257 2102 1345 2132 Mor.
1361 2101 1401 2131 ad
1414 2109 1483 2131 sua.
1507 2098 1549 2130 A.
1566 2109 1616 2139 pr.

170 2144 258 2174 Laeti
275 2144 357 2174 Cod.
374 2148 409 2173 et
425 2143 492 2173 dno
509 2143 564 2173 alii
576 2144 609 2173 in
624 2153 677 2173 sua
693 2148 794 2174 castra
809 2154 891 2174 man.
919 2149 954 2174 et
970 2154 1055 2175 unus
1070 2145 1209 2183 suajara
1224 2145 1409 2174 mam—291
1434 2143 1503 2173 Pro
1518 2142 1619 2172 ciram

168 2195 254 2216 unus
280 2189 420 2220 castam,·
445 2185 529 2215 alius
552 2195 684 2225 puram;
707 2186 791 2215 alius
807 2189 1040 2217 meram—292
1063 2187 1214 2217 Isidorus
1232 2187 1340 2216 citans
1355 2185 1413 2215 hos
1429 2194 1495 2215 vss.
1515 2183 1619 2215 habet

169 2238 253 2268 corp.
269 2229 351 2258 nuda
367 2227 537 2258 rim—294
561 2227 665 2258 Habet
691 2227 785 2258 dedit
814 2227 930 2258 Heius.
958 2238 999 2258 ex
1023 2229 1136 2259 Ursin.
1160 2228 1248 2259 Laeti
1271 2228 1354 2259 eod.
1374 2237 1425 2267 pr.
1442 2227 1485 2258 A.
1502 2231 1538 2257 et
1560 2235 1618 2256 no-

169 2279 246 2300 vem
274 2270 346 2300 aliis
373 2279 434 2309 pro
461 2270 551 2309 vulg.
577 2273 778 2300 amat.—297
802 2270 871 2300 Pro
897 2271 1026 2310 celatur,
1050 2271 1196 2311 quinque
1219 2270 1415 2306 celebratum
1447 2268 1536 2300 forte
1552 2277 1618 2300 non

169 2313 269 2351 male,
293 2314 371 2353 quia
396 2316 581 2352 perpetuus
608 2317 693 2342 erat.
719 2312 939 2343 Evam—298
960 2313 1042 2344 Jun.
1059 2318 1095 2344 et
1116 2314 1216 2343 Voss.
1233 2322 1308 2343 cum
1332 2311 1448 2342 multis
1465 2311 1538 2342 aliis
1553 2311 1618 2350 ign.

169 2354 388 2386 habet.—303.
405 2357 467 2385 304
492 2354 559 2385 Hic
576 2353 770 2394 discrepant
784 2354 861 2385 libri
878 2360 960 2386 vett.
977 2355 1090 2387 Ursin.
1106 2365 1158 2396 pr.
1174 2354 1216 2387 A.
1241 2354 1373 2386 Zulich.
1389 2354 1479 2386 Maz.
1495 2353 1618 2395 aliique

819 2451 851 2482 N
857 2451 959 2483 OTAE

207 2526 269 2554 287
283 2522 536 2562 UtraqueJJuno
548 2527 583 2554 et
595 2523 710 2563 Ceres,
723 2523 865 2555 scilicet.
919 2524 975 2564 qui
993 2524 1103 2564 potius
1126 2523 1265 2554 verbum
1275 2522 1367 2560 foveo
1390 2532 1409 2553 a
1431 2521 1510 2553 foco
1532 2521 1621 2554 deri-

208 2576 272 2604 288
299 2573 383 2612 Una]
415 2574 531 2603 Vesta.
917 2576 1009 2603 vent.

210 2626 273 2654 300
297 2623 365 2654 Par
382 2623 490 2662 Graii]
504 2621 629 2653 Ἑστίαν
643 2623 732 2653 enim
749 2623 866 2653 Graeci
960 2625 1023 2653 302
1046 2622 1224 2662 Inprimis]
1262 2621 1304 2651 In
1330 2620 1468 2662 prImori
1498 2619 1616 2653 domus

170 2673 212 2704 ab
225 2671 350 2704 ἑστάναι
364 2672 546 2704 deducunt.
917 2675 1025 2711 parte.

211 2725 271 2754 301
298 2722 428 2762 Dictus]
470 2721 559 2754 Quia
583 2721 652 2762 igni
678 2731 738 2753 suo
769 2721 865 2753 focus
961 2723 1022 2751 303
1051 2720 1150 2760 Hinc]
1177 2719 1442 2762 AVesta,quod
1466 2719 1500 2751 in
1517 2720 1616 2752 vesti-

169 2781 229 2804 nos
255 2772 387 2814 aliaque
411 2771 515 2804 fovet.
560 2772 762 2813 Quanquam
787 2775 866 2804 sunt
918 2770 996 2803 bulo
1009 2775 1100 2803 esset
1115 2769 1221 2803 focus.
