1773 3121
211 216 325 262 1986

706 230 748 261 P.
779 228 937 260 ovmn
970 228 1184 261 NASONIS

212 321 360 372 Anna,
382 336 460 376 per
477 321 588 363 hanc
602 320 720 376 juro,
739 335 874 377 quam
894 322 1112 377 quondam
1133 323 1282 365 audire
1303 322 1482 366 solebas

268 389 488 431 Tellurem
507 388 598 430 fato
618 389 895 443 prosperiore
917 389 1041 442 dari3

212 456 382 510 Perque
404 456 528 497 Deos
550 456 751 506 comites,
770 456 853 497 hac
873 467 1012 510 nuper
1032 454 1136 496 sede
1154 455 1343 508 locatos3

1575 455 1663 498 615

270 523 400 576 Saepe
419 535 541 563 meas
561 522 666 563 illos
688 523 957 576 increpuisse
976 534 1136 563 moras.

213 588 311 630 Nec
331 590 457 630 timui
477 590 530 630 de
550 594 688 631 morte
708 594 876 632 tamen:
907 594 1049 631 metus
1070 589 1209 631 abfuit
1229 589 1325 631 iste.

270 656 360 698 Hei
378 656 485 697 mihi
502 656 511 697 !
544 656 745 698 credibili
764 657 919 698 fortior
938 657 1019 698 illa
1036 656 1134 698 fuit.

214 723 286 765 Ne
305 723 427 764 refer.

485 722 662 777 Aspexi
683 737 772 765 non
791 725 868 765 illo
886 728 1065 778 pectore
1087 725 1221 777 digna

269 790 481 840 Vulnera,
502 792 734 832 Tartareas
756 805 892 832 ausus
914 792 1032 832 adire
1052 793 1223 834 domos.
1260 795 1265 797 ⁷

1583 789 1670 832 620

212 855 277 898 At
297 862 357 907 tu,
380 870 460 898 seu
481 857 595 897 ratio
617 861 660 896 te
680 858 841 897 nostris
862 858 1033 910 appulit
1053 858 1161 906 oris,

269 923 373 965 Sive
395 924 520 965 Deus
537 936 547 974 3
579 923 700 975 regni
718 923 954 964 commoda
973 936 1105 976 carpe
1125 923 1228 964 mei.

214 990 358 1032 Multa
375 991 454 1032 tibi
473 989 705 1040 memores,
726 989 787 1030 nil
806 1002 894 1031 non
914 989 1122 1030 debemus
1145 989 1318 1031 Elissae.

272 1057 465 1099 Nomine
485 1060 607 1111 grata
622 1061 712 1106 tuo,
730 1062 856 1110 grata
872 1059 1055 1107 sororis,
1079 1058 1178 1099 eris.

212 1167 290 1197 hanc
302 1170 430 1207 terram,
453 1176 546 1208 quam
570 1168 644 1198 olim
667 1177 862 1198 consueveras
884 1168 992 1199 audire
1010 1168 1082 1199 dari
1089 1167 1162 1205 fato
1178 1167 1309 1204 lection,
1324 1169 1354 1197 et
1366 1175 1424 1206 per
1438 1165 1524 1198 Deos
1537 1167 1671 1207 comites,

213 1218 308 1249 nuper
320 1209 437 1249 positos
450 1209 483 1240 in
498 1210 554 1239 hac
568 1210 650 1246 sede,
672 1210 742 1240 illos
767 1219 846 1249 saepe
872 1211 1032 1240 damnasse
1055 1220 1137 1240 meas
1150 1209 1455 1250 procrastinationes.
1501 1210 1609 1250 Neque
1623 1213 1671 1240 ta-

211 1261 280 1282 men
294 1252 390 1282 metui
403 1252 440 1282 de
455 1254 575 1282 morte.-
597 1252 657 1281 iste
682 1253 776 1282 timor
801 1251 913 1289 abfuit.
958 1251 1025 1282 Hei
1048 1251 1151 1282 mihi!
1172 1252 1226 1282 illa
1242 1251 1311 1288 fuit
1334 1252 1491 1282 cordatior
1515 1252 1670 1283 credibili.

214 1293 265 1324 Ne
278 1303 422 1325 memora.
472 1294 546 1325 Vidi
558 1294 669 1333 plagas
682 1303 742 1324 non
757 1294 870 1333 dignas
882 1294 936 1325 illo
943 1298 1081 1334 pectore,
1106 1304 1165 1324 non
1185 1294 1303 1324 veritus
1317 1293 1442 1332 ingredi
1455 1295 1559 1324 domos
1572 1292 1670 1332 inser-

213 1346 278 1366 nas.
322 1337 369 1368 At
384 1339 430 1373 tu,
455 1346 510 1367 seu
524 1336 607 1366 ratio
630 1345 683 1366 seu.
698 1337 785 1367 Deus
805 1337 942 1367 admovit
957 1340 988 1366 te
1002 1337 1117 1367 nostris
1143 1336 1300 1367 fictoribus
1320 1345 1404 1367 sume
1426 1337 1583 1367 commoda
1609 1337 1671 1367 mei

211 1378 312 1417 regni.

824 1450 942 1462 eeeeee

356 1379 511 1410 Debemus
525 1378 583 1409 tibi
598 1379 694 1409 multa
709 1388 769 1409 non
780 1377 913 1417 ingrati,
935 1378 1015 1408 nihil
1028 1389 1087 1409 non
1103 1378 1266 1409 debemus
1282 1378 1408 1410 Elissae.
1454 1379 1531 1409 Eris
1545 1382 1669 1419 accepta

943 1450 1061 1462 eeeeee

212 1500 260 1529 sic
288 1498 390 1529 etiam
407 1498 521 1530 Ursin.
537 1498 615 1529 Pet.
627 1501 663 1529 et
677 1497 744 1537 alii,
761 1500 796 1528 et
811 1506 891 1528 mox
912 1500 1013 1528 motas
1035 1498 1077 1528 E.
1105 1498 1165 1529 tui.
1211 1497 1358 1530 Quidam
1374 1497 1431 1528 alii
1457 1507 1593 1539 quoqne
1615 1500 1670 1529 ad-

212 1541 332 1572 monitu
356 1544 468 1578 nactus,
486 1542 527 1573 E.
552 1541 611 1579 tui,
638 1541 693 1571 vel
719 1543 892 1572 tum—617
916 1540 973 1571 Fr.
1000 1543 1070 1571 met.
1085 1540 1182 1581 affuit
1195 1541 1373 1572 ista-618
1396 1541 1478 1572 Duo
1494 1540 1573 1572 libri
1588 1542 1670 1573 cred.

211 1584 325 1615 certior·
340 1583 512 1617 illm—619
534 1582 604 1615 Alii
620 1584 672 1614 illo
686 1593 810 1624 corpore
821 1583 1037 1622 digna.-622
1060 1584 1115 1615 Sa.
1132 1594 1239 1616 comm.
1254 1593 1340 1615 sume
1350 1583 1529 1615 πυρὴ-623
1545 1583 1599 1616 Sa.
1612 1584 1670 1616 Fr.

875 1663 1015 1697 NOTAE

212 1736 352 1776 afflicta,
369 1741 405 1768 et
421 1736 592 1778 naufragii
608 1747 712 1769 causa
727 1737 803 1769 fuit.

254 1792 318 1821 610
334 1788 472 1830 Sor-oris]
488 1790 588 1829 Quae,
604 1793 642 1826 ut
659 1789 759 1820 modo
771 1789 917 1831 dictum,

214 1841 330 1873 AEneae
345 1850 448 1872 causa
460 1840 524 1871 sibi
541 1845 686 1872 mortem
703 1841 883 1872 conscivit.

255 1895 318 1923 611
335 1891 456 1932 Sensit]
473 1891 708 1933 Quaecumque
721 1891 829 1922 Annae
847 1891 917 1922 ani-

214 1952 268 1973 mo
285 1942 519 1973 volvebantur.

260 1990 458 2032 Cythereius]
482 1991 625 2029 AEneas3
649 1991 704 2022 cui
734 2001 752 2021 a
780 1992 915 2022 Venere

214 2046 334 2080 matre,
347 2050 422 2081 quae
451 2041 623 2080 Cytherea
654 2052 672 2071 a
694 2042 852 2082 Cytheris
867 2042 915 2072 in-

214 2092 286 2122 sula
302 2090 406 2130 dicta,
420 2090 504 2121 illud
521 2091 637 2121 datum
650 2101 786 2122 nomen.

257 2143 321 2172 612
344 2140 432 2180 Flet]
455 2140 590 2180 AEneas,
606 2141 679 2172 scil.
695 2145 732 2172 ut
753 2141 844 2181 pium
861 2141 916 2171 de-

216 2192 298 2224 cuit.

259 2244 321 2273 613
345 2242 412 2273 Per
440 2240 534 2281 hanc]
573 2241 727 2282 Optime,
754 2246 791 2273 ut
822 2243 856 2273 in
879 2252 916 2273 re

217 2297 326 2332 tanta,
354 2293 447 2323 Deos
472 2303 488 2321 a
517 2293 623 2331 primo
651 2292 788 2323 exordio
814 2297 917 2323 testes

216 2342 303 2374 facit
337 2352 404 2374 suae
436 2343 639 2373 innocentiae
680 2342 801 2374 AEneas
842 2352 916 2374 sese

218 2402 393 2424 excusans.

264 2441 378 2481 Quam]
403 2442 457 2472 De
481 2442 582 2472 Italia
604 2443 762 2483 loquitur,
776 2452 875 2483 quam
891 2443 918 2473 si

219 2501 261 2522 ex
286 2491 429 2522 Marone
453 2494 667 2531 cognoveris,
692 2497 824 2522 tantuin
851 2502 917 2523 non

219 2550 280 2581 pro
297 2540 474 2571 divinitate
491 2542 633 2581 quadam
651 2542 852 2581 suspexeris.

261 2594 323 2622 615
348 2591 432 2622 Deos
450 2590 591 2630 comites]
618 2591 754 2621 Vestam
773 2596 807 2621 et
826 2592 917 2622 Deos

220 2640 382 2678 Penates,
397 2649 478 2680 quos
496 2650 609 2671 secum
633 2641 664 2671 in
691 2640 824 2671 ltaliam
843 2650 917 2680 pro·

217 2691 318 2731 fugus
333 2690 454 2722 AEneas
467 2690 616 2721 advexit.

261 2743 326 2773 616
347 2739 438 2781 Illos]
461 2741 563 2782 Deos,
578 2740 649 2774 scil.
670 2741 763 2775 Quos
780 2741 918 2783 quidem

969 1739 1111 1771 AEneam
1135 1740 1335 1781 objurgasse
1358 1748 1400 1770 ex
1415 1738 1561 1781 Virgilio
1583 1739 1670 1772 didi-

971 1791 1070 1823 ceris.

1012 1844 1075 1872 61¹7
1102 1840 1205 1873 Timui
1226 1840 1278 1881 de]
1302 1840 1379 1871 Hoc
1406 1843 1471 1879 est,
1495 1839 1669 1871 Didonem

971 1890 1036 1922 sibi
1051 1901 1167 1922 manus
1181 1885 1347 1922 violent'as
1365 1890 1546 1922 illaturam.
1569 1890 1670 1931 Opti-

970 1951 1025 1972 ma
1039 1942 1225 1973 excusatio.

1014 1991 1121 2022 Metus
1149 1989 1266 2030 abfuit]

970 2040 1062 2071 tione
1078 2040 1196 2071 utitur.

1013 2092 1076 2120 618
1099 2089 1165 2120 Hez¹
1186 2089 1277 2129 mihi]
1327 2088 1584 2120 Commiseratio
1610 2099 1669 2131 ap-

971 2140 1092 2180 posita.

1014 2189 1155 2230 Fortior]
1180 2191 1265 2223 Quae
1291 2189 1353 2221 sibi
1376 2194 1520 2221 mortem
1539 2189 1669 2221 consci-

970 2240 1031 2271 vit.

1013 2293 1076 2320 619
1103 2290 1151 2321 Ne
1176 2289 1274 2330 refer]
1320 2291 1397 2321 Non
1428 2294 1560 2321 tantum
1589 2288 1670 2331 quia

971 2345 1052 2372 nota
1074 2341 1195 2380 onmia,
1221 2346 1257 2371 nt
1286 2342 1371 2372 bene
1398 2342 1533 2382 quidem
1558 2341 1670 2372 obser-

970 2395 1156 2429 vave1·aut;
1179 2391 1239 2422 sed
1265 2392 1343 2432 quia
1361 2391 1551 2431 praesertim
1567 2390 1668 2421 nimio

970 2440 1087 2471 dolore
1103 2445 1331 2481 torqueretur.
1369 2440 1482 2480 Atque
1503 2440 1564 2470 boc
1591 2449 1669 2471 cau-

973 2492 1135 2527 tissimum
1152 2491 1194 2521 ad
1211 2492 1357 2531 gratiam
1373 2488 1647 2529 comparandam.

1012 2544 1075 2572 620
1098 2540 1214 2580 Ausus]
1237 2541 1290 2571 Ne
1308 2541 1424 2580 pigeat
1440 2539 1482 2569 de
1496 2549 1535 2569 eo
1554 2539 1667 2571 AEneae

972 2591 1014 2621 ad
1032 2589 1164 2621 Inferos
1181 2591 1347 2620 descensu
1367 2589 1541 2619 Maronem
1558 2589 1669 2630 ipsum

972 2641 1102 2678 audire,
1117 2639 1190 2670 AEn.
1206 2648 1249 2670 v1.

1012 2692 1074 2720 623
1098 2690 1204 2720 Mimo
1226 2688 1300 2729 tibi]
1331 2688 1418 2719 Vide
1437 2698 1537 2730 quam
1563 2697 1668 2729 appo·

971 2739 1049 2782 sita,
1063 2749 1232 2783 quamque
1246 2740 1434 2781 composita
1447 2739 1570 2772 oratio.
1597 2740 1670 2771 De-

1309 1989 1450 2030 Optime
1477 1988 1669 2030 reduplica-
