1773 3121
218 215 332 258 1730

700 226 741 256 P.
773 225 931 257 OVIDII
963 224 1177 258 NASONIS

220 470 337 511 ΕΑΒ.
383 468 495 511 XV.
579 468 701 510 Fons
735 469 779 509 in
809 467 964 509 Africa
999 466 1230 510 Ammonis
1267 470 1312 510 in
1336 469 1537 511 Glaciem
1569 481 1671 510 con-

851 536 1042 576 vertitur.

219 657 313 689 FoNs
328 655 362 687 in
377 654 498 686 Africa
512 653 687 686 Ammonis
709 655 787 686 solis
801 658 877 686 ortu
893 654 1059 696 obituque
1074 654 1226 695 calescit,
1242 655 1458 695 postmodum
1472 655 1507 687 in
1529 655 1671 697 glaciem

261 708 421 740 vertitur.

220 793 477 852 PLURIMA
501 825 597 852 cum
621 813 821 860 subeant,
845 811 992 851 audita
1014 814 1089 851 aut
1111 812 1285 863 cognita
1305 811 1449 860 vobis,

219 877 373 919 Pauca
393 890 524 930 super
543 878 735 918 referam.

797 876 917 926 Quid
933 878 951 917 't
983 891 1071 917 non
1091 881 1132 917 et
1150 878 1327 930 lympha
1346 877 1507 929 figuras

219 943 400 996 Datque
421 944 626 996 capitque
646 944 817 982 novas?
850 943 994 982 medio
1016 947 1104 991 tua,
1126 945 1320 994 corniger
1340 942 1544 993 Ammon,

220 1009 353 1051 Unda
374 1010 444 1050 die
466 1010 608 1062 gelida
627 1014 720 1050 est:
753 1012 933 1063 ortuque
954 1010 1163 1064 obituque
1184 1010 1376 1051 calescit.

1587 1010 1672 1052 310

314 1186 316 1188 “
360 1207 479 1248 ῈΑΒ.
512 1205 649 1246 XVI.
710 1206 830 1246 Fons
851 1203 1115 1246 Athamanis
1133 1205 1297 1259 lignum
1318 1205 1529 1246 accendit.

219 1316 442 1348 Amisimus
475 1314 655 1346 Thessaliae
691 1313 839 1355 regionis
872 1312 957 1345 fonti
989 1314 1116 1353 lignum
1147 1318 1288 1346 tenuata
1313 1315 1392 1346 luna
1417 1313 1588 1346 admotum
1616 1322 1673 1344 ac·

263 1368 431 1401 cenditur.

217 1454 467 1510 ADMOTIS
489 1468 752 1510 Athamanis
772 1469 897 1521 aquis
915 1468 1146 1509 accendere
1165 1469 1330 1521 lignum

220 1535 458 1588 Narratur3
489 1536 694 1576 minimos
716 1548 817 1576 cum
838 1535 963 1575 Luna
982 1537 1161 1576 recessit
1180 1536 1223 1576 in
1244 1536 1387 1576 orbes.

262 1658 321 1680 xv.
358 1650 436 1680 Cum
458 1648 592 1688 plurima
614 1651 776 1678 occurrant
800 1647 884 1677 vobis
907 1648 1015 1678 audita
1034 1650 1089 1678 aut
1111 1648 1247 1686 cognita,
1268 1656 1368 1687 pauca
1391 1646 1516 1686 insuper
1531 1645 1675 1677 narrabo.

220 1690 328 1727 Quid?
372 1691 483 1722 Annon
498 1700 576 1731 aqua
590 1691 644 1720 dat
659 1693 750 1730 atque
765 1689 878 1729 accipit
903 1698 993 1719 novas
1008 1688 1159 1730 figuras?
1205 1691 1270 1721 Tua
1283 1700 1375 1730 aqua,
1390 1690 1522 1720 Ammon
1535 1692 1674 1728 cornute,

216 1734 321 1773 gelida
336 1736 381 1764 est
396 1734 433 1764 cle
449 1734 511 1772 die,
527 1734 686 1763 accedente
701 1736 730 1762 et
746 1733 903 1762 recedente
917 1741 957 1761 eo
972 1732 1105 1763 calescit.

262 1784 336 1807 xw.
357 1775 543 1806 Athamanis
557 1775 644 1815 aquis
666 1775 797 1806 admotis
812 1773 928 1804 dicitur
943 1775 1105 1805 accendere
1131 1773 1262 1814 lignum,
1284 1783 1352 1805 cum
1368 1773 1458 1804 Luna
1473 1771 1552 1803 abiit
1566 1773 1600 1803 in
1615 1772 1673 1802 mi·

217 1817 317 1848 nimos
331 1817 426 1849 orbes·

825 1875 1057 1889 “0000‘06‘09

220 1937 286 1959 uno
303 1927 423 1958 Heius.
439 1927 532 1966 vulg.
548 1926 722 1957 ἰπὶ-306
745 1925 787 1955 Α.
815 1926 920 1955 indur.
936 1936 1018 1961 usu,·
1043 1926 1137 1956 Leid.
1155 1928 1342 1956 atnoe—307
1369 1925 1462 1956 Vobis
1478 1925 1599 1955 Heius.
1615 1934 1668 1955 re-

219 1969 310 2009 cepit
330 1979 372 2000 ex
387 1973 531 2009 quatuor
558 1968 713 2008 scriptis3
737 1967 795 1997 alii
820 1967 918 2005 nobis,
945 1967 1036 2007 quod
1061 1972 1096 1998 et
1122 1968 1265 1999 Bothius
1295 1972 1426 1998 rectum
1451 1969 1670 2006 putat.-—308

220 2010 384 2041 Heidelb.
406 2014 543 2050 repetam
566 2019 625 2050 pro
648 2009 898 2048 referam-311
925 2008 993 2039 Alii
1021 2010 1173 2040 scribunt
1198 2010 1419 2041 Athamantis:
1442 2009 1530 2039 Tan.
1558 2009 1671 2040 Faber

219 2056 338 2085 censet
354 2052 532 2092 legendum
557 2052 771 2089 Athamanes;
794 2055 829 2083 et
855 2061 903 2082 vs.
932 2061 1003 2092 seq.
1029 2053 1328 2084 Nummum—312
1345 2052 1428 2083 Exc.
1458 2050 1617 2082 Calandr.
1633 2055 1670 2082 et

869 2146 901 2177 N
908 2146 1012 2178 OTAE

261 2223 324 2252 309
357 2219 503 2260 Ammon]
538 2220 676 2260 Jupiter
706 2219 864 2258 Ammon,
886 2219 914 2249 si

219 2270 330 2303 credis
340 2269 475 2310 fabulae,
485 2275 658 2309 cornutus,
670 2279 688 2300 a
699 2269 835 2300 Baccho
847 2269 916 2299 filio

219 2321 344 2361 cultus,
369 2319 459 2361 quod
490 2320 618 2351 sitienti
648 2320 682 2349 in
711 2318 829 2358 Libyae
857 2318 914 2349 de-

218 2370 315 2402 sertis
331 2369 417 2401 aries
433 2370 581 2411 quidam,
606 2379 704 2410 quem
721 2370 776 2400 ille
791 2369 912 2400 Jovem

218 2424 272 2452 est
283 2419 479 2458 arbitratus,
489 2419 631 2459 pedibus
645 2425 770 2450 terram
784 2418 913 2449 fodiens

217 2469 349 2501 fontem
364 2469 585 2500 monstravit:
610 2468 664 2500 cui
678 2468 841 2508 templum
854 2468 915 2499 ibi-

218 2519 296 2550 dem
304 2520 420 2550 erexit.
432 2517 572 2549 Ammon
581 2518 705 2549 dicitur
715 2517 756 2549 ab
765 2518 915 2549 Hebraeo

218 2568 388 2606 flammati,
407 2567 494 2609 quod
512 2567 622 2599 calere
644 2572 718 2599 est:
742 2573 844 2608 atque
860 2567 916 2598 Sol

219 2618 432 2658 intelligitur,
461 2618 533 2659 qui,
555 2618 701 2649 docente
731 2617 917 2657 Macrobm,

219 2667 310 2698 idem
340 2672 392 2698 est
418 2668 475 2708 qui
499 2666 647 2707 Jupiter,
661 2665 716 2697 cui
736 2674 797 2705 pro
814 2665 915 2695 radiis

220 2726 361 2758 cornua,
377 2726 453 2758 quae
481 2716 601 2747 eodem
625 2714 760 2746 nomine
784 2713 827 2745 ab
845 2714 914 2745 He·

218 2766 319 2801 braeis
341 2765 538 2807 efferuntur,
561 2766 601 2798 ab
623 2765 792 2808 imperitis
816 2765 915 2797 attri-

970 2219 1050 2252 buta
1073 2224 1159 2251 sunt.
1206 2219 1405 2260 Quanquam
1427 2219 1470 2250 ab
1486 2218 1597 2250 Hamo
1613 2220 1668 2250 vel

970 2270 1097 2301 Chamo
1115 2269 1190 2301 Noe
1206 2269 1290 2310 filio,
1305 2278 1405 2310 quem
1421 2278 1482 2310 pro
1498 2269 1575 2300 Deo
1592 2268 1666 2309 ejus

969 2320 1096 2360 posteri
1114 2319 1293 2357 coluerint,
1308 2318 1429 2350 Jovem
1453 2318 1667 2359 Ammonem,

968 2370 1024 2400 vel
1041 2370 1265 2401 Hammonem
1286 2369 1413 2401 dictum
1430 2370 1558 2400 volunt.

1010 2421 1073 2450 310
1100 2419 1206 2459 Unda]
1228 2420 1284 2450 De
1308 2429 1347 2450 eo
1373 2419 1467 2451 fonte
1484 2419 1571 2450 Plin.
1586 2418 1608 2450 1.
1624 2426 1666 2451 Π.

970 2478 1001 2501 e.
1019 2471 1092 2500 103.
1117 2469 1253 2500 Curtius
1271 2469 1293 2500 1.
1311 2477 1359 2500 1v.
1395 2468 1557 2500 Arrianus
1579 2468 1602 2500 1.
1624 2477 1666 2500 Π.

970 2518 1108 2550 Luci-et.
1128 2519 1149 2549 l.
1172 2527 1221 2549 vl.
1256 2518 1414 2550 Miraculi
1437 2522 1550 2548 autem
1576 2517 1667 2549 illius

971 2568 1132 2600 rationem
1152 2568 1294 2599 reddent
1322 2567 1464 2608 physici,
1484 2576 1583 2607 quam
1610 2566 1665 2598 hic

968 2618 1134 2659 prolixum
1153 2624 1238 2648 esset
1255 2617 1437 2647 inculcare.

1012 2670 1072 2698 311
1097 2666 1296 2705 Athamanis]
1330 2665 1480 2696 Fuerunt
1505 2663 1665 2695 Athama-

969 2726 1028 2747 nes
1044 2717 1162 2757 populi
1176 2716 1286 2757 Epiri,
1303 2714 1393 2755 apud
1410 2723 1491 2754 quos
1508 2712 1583 2745 fons
1594 2714 1664 2744 Do-

968 2766 1117 2808 donaeus,
1133 2766 1190 2809 qui
1203 2773 1362 2798 accensas
1378 2762 1471 2796 faces
1486 2756 1663 2805 extingue·
