1773 3121
293 263 333 293 p,
356 262 514 294 ovmn
546 249 760 295 Nasonis
793 260 1061 293 PASTORUM
1099 265 1195 296 mn.
1220 266 1287 298 iv,

1403 258 1518 301 2009

61 356 182 409 Quid
202 357 297 409 tibi,
316 359 391 409 ait,
411 369 584 398 mecum
599 358 618 396 'i
649 359 765 397 certe
782 356 952 411 maj0ra
973 360 1182 403 canebas.

115 424 236 467 Num
253 430 378 467 vetus
399 425 443 465 in
461 422 584 464 molli
602 426 779 476 pectore
798 423 958 465 vulnus
977 425 1115 469 habes
1133 429 1151 469 Τ

58 492 173 544 Scis,
195 493 306 543 Dea,
325 490 543 546 respondi,
565 490 621 532 de
641 491 834 534 vulnere.

894 491 1040 548 (Risit
1052 508 1063 536 t
1097 499 1138 538 et
1168 498 1304 541 aether
1491 499 1519 539 5

116 559 323 602 Protinus
343 573 400 601 ex
419 559 498 601 illa
516 563 639 613 parte
660 572 841 601 serenus
862 558 994 614 erat.)

59 627 264 678 Saucius,
287 641 344 669 an
365 640 511 677 sanus,
533 627 744 681 numquid
764 632 841 670 tua
862 629 989 682 signa
1009 628 1167 683 reliqui
1184 631 1202 670 Ἰ

112 693 184 736 Tu
202 695 306 735 mihi
328 695 622 749 propositum,
644 699 692 737 tu
714 696 819 736 mihi
841 709 1013 750 semper
1031 709 1162 750 opus.

58 760 172 812 Quae
190 760 350 812 decuit,
371 762 526 816 primis
549 763 642 804 sine
663 763 844 804 crimine
863 764 1052 806 lusimus
1074 763 1226 806 annis:

114 828 245 871 Nunc
265 830 416 871 teritur
435 831 594 871 nostris
613 843 718 872 area
738 831 823 885 maj
831 844 880 872 or
901 832 1043 886 equis.

1464 833 1521 874 10

55 896 278 952 Tempora
298 911 398 939 cum
417 899 585 948 causis,
608 897 860 940 Annalibus
882 904 1008 941 eruta
1029 899 1203 954 priscis,

113 965 349 1020 Lapsaque
368 967 450 1007 sub
472 970 627 1016 terras,
650 970 833 1020 ortaque
857 967 983 1020 signa
1005 956 1134 1008 can0.

57 1032 272 1075 Venimus
294 1034 349 1074 ad
370 1037 584 1088 quartum,
607 1047 694 1087 quo
715 1037 759 1074 tu
779 1034 1074 1084 celeberrima,
1096 1046 1302 1077 mensem.

115 1101 172 1142 Et
191 1107 355 1151 vatem,
376 1104 418 1142 et
437 1113 630 1143 mensem
652 1101 757 1150 scis,
780 1100 953 1151 Venus,
977 1114 1076 1143 esse
1099 1105 1212 1142 tuos.

55 1221 96 1252 ad
108 1221 248 1253 Poiitam.
274 1221 370 1261 Quid,
381 1222 493 1261 inquit,
511 1225 562 1252 est
577 1220 637 1252 tibi
649 1230 783 1252 mecum.
776 1219 791 1244 7
812 1231 884 1252 sane
899 1221 1046 1252 cantabas
1071 1221 1202 1260 majora.
1248 1221 1335 1252 Num
1350 1221 1442 1253 habes
1450 1223 1519 1263 pla-

53 1274 128 1303 gam
137 1274 156 1295 a

267 1274 298 1294 m
311 1264 345 1294 in
354 1265 444 1294 corde
458 1267 582 1294 tenero.
573 1262 589 1285 '²
611 1263 693 1303 Scis,
706 1265 788 1303 Dea,
805 1265 842 1294 de
856 1264 964 1304 plaga,
980 1264 1082 1295 retuli.

1127 1264 1239 1302 Rz'sit;
1261 1267 1292 1295 et
1306 1265 1451 1296 continuo
1463 1275 1522 1296 coe-

52 1307 116 1338 lum
124 1309 191 1338 erat
201 1316 317 1347 purum
325 1315 365 1336 ex
376 1305 431 1336 illa
439 1309 542 1346 parte.
564 1306 763 1344 Vulneratus,
769 1316 824 1338 seu
836 1307 983 1347 intactus,
993 1307 1139 1348 numquid
1151 1307 1272 1338 deserui
1282 1310 1338 1338 tua
1347 1305 1460 1347 signa?
1473 1309 1521 1339 Tu

53 1358 171 1390 semper
184 1348 260 1380 milui
274 1349 441 1389 inceptum,
457 1351 493 1380 tu
505 1348 583 1379 mihi
599 1358 685 1389 opus.
729 1349 876 1381 Lusimus
888 1350 993 1390 prima
1008 1353 1102 1381 aetate
1117 1360 1185 1391 quoe
1199 1351 1339 1382 decorum
1356 1350 1439 1391 fuit,
1453 1350 1521 1383 sine

54 1392 202 1423 erimine.-
224 1401 304 1423 nunc
317 1401 392 1423 area
406 1391 503 1430 major
525 1392 664 1423 calcatur
688 1391 727 1423 ab
754 1393 870 1424 nostris
895 1393 990 1433 equis.
1038 1395 1139 1424 Canto
1153 1396 1292 1434 tempora
1315 1397 1463 1434 excerpta
1479 1403 1519 1425 ex

53 1433 207 1466 veteribus
219 1434 404 1474 Annalibus,
416 1444 485 1465 cum
500 1434 673 1465 rationibus
688 1444 826 1473 eornm3
848 1438 940 1475 atque
953 1435 1056 1466 sidera
1071 1435 1196 1466 condita
1206 1436 1263 1466 sub
1279 1439 1390 1472 terras,
1403 1439 1435 1466 et
1450 1447 1519 1477 quae

54 1480 217 1518 apparent.
262 1477 455 1509 Accessimus
479 1478 519 1508 ad
542 1480 687 1517 quartum
702 1486 847 1517 mensem,
857 1488 916 1518 quo
932 1484 967 1508 tu
981 1477 1193 1509 ornatissima.
1224 1479 1331 1519 Nosti,
1360 1459 1474 1520 V’enus,
1489 1482 1519 1511 et

668 1548 905 1560 eeeeeeeeeee

55 1594 208 1636 elegans.
233 1594 346 1626 Heius.
392 1594 461 1626 Alii
478 1593 569 1625 enim
585 1594 713 1625 habent
734 1594 773 1624 A.
790 1593 878 1633 fave,
901 1595 983 1631 dati,
1004 1604 1087 1633 gem.
1091 1597 1154 1625 —2
1177 1595 1273 1626 Unus
1290 1594 1348 1626 lib.
1364 1595 1519 1628 tultum...

54 1647 168 1669 suum:
191 1642 228 1668 et
243 1637 310 1668 dno
326 1638 450 1670 mium
468 1647 530 1678 pro
545 1637 665 1668 retulit.
668 1639 729 1666 —3
756 1637 811 1667 Fr.
828 1646 902 1667 mec.
918 1634 988 1667 est?
1013 1642 1048 1668 et
1073 1646 1150 1667 mox
1167 1647 1242 1668 cum
1271 1637 1424 1678 plurimis
1445 1638 1520 1670 aliis

57 1684 132 1712 cert.
147 1682 235 1711 modo
252 1679 339 1718 festa
361 1691 427 1711 can.
473 1680 535 1711 Be.
561 1683 636 1711 cert.
664 1690 704 1710 m.
720 1679 750 1715 s.
776 1679 922 1715 tenebas,
945 1678 1004 1710 sed
1021 1684 1095 1710 erat
1111 1680 1240 1710 canebas
1254 1680 1451 1729 ascriptnm.
1454 1684 1518 1713 —4

57 1724 112 1755 Fr.
131 1723 203 1754 Non
227 1726 289 1754 ret.
313 1729 349 1754 et
376 1723 461 1753 Num
490 1732 551 1763 pro
578 1731 649 1753 var.
674 1723 816 1752 lect.—-5
844 1721 965 1753 Heius.
994 1723 1166 1753 venustius
1196 1723 1344 1763 videtur,
1365 1723 1393 1754 si
1420 1724 1518 1764 legas

56 1765 156 1807 Scin’,
168 1764 262 1797 Dea?
286 1770 321 1796 et
338 1766 370 1796 in
387 1765 573 1805 Gottorpli.
590 1765 709 1795 ultima
725 1764 824 1795 litera
838 1765 895 1795 τοῦ
909 1765 968 1796 scis
981 1770 1055 1796 erat
1072 1774 1178 1796 erasa.
1224 1767 1322 1797 Voss.
1339 1770 1374 1797 et
1388 1765 1520 1798 Arund.

57 1808 123 1841 Sic.
158 1809 241 1839 Mox
268 1808 437 1847 meliores,
461 1813 547 1839 teste
578 1808 698 1839 Heins.
721 1808 831 1846 «ether,
853 1817 920 1838 non
949 1807 1076 1839 aen—7
1103 1808 1221 1840 Heius.
1255 1818 1297 1839 ex
1322 1809 1521 1840 melioribus

57 1851 153 1883 dedit
167 1852 393 1892 an...numquid
410 1861 471 1892 pro
489 1852 577 1891 vulg.
593 1853 920 1890 aue...nunquam.—8
947 1851 1032 1890 Opus
1048 1855 1100 1882 est
1116 1861 1158 1882 ex
1176 1856 1244 1883 vet.
1261 1851 1318 1882 lib.
1337 1852 1519 1893 placetque

57 1894 205 1935 Neapol.
221 1904 292 1935 prae
309 1894 400 1934 vulg.
427 1903 519 1925 onus.-
545 1894 664 1925 Heius.
694 1902 770 1924 cum
788 1902 853 1923 uno
872 1897 939 1923 vet.
957 1893 999 1923 V.
1028 1893 1144 1924 mallet
1172 1894 1344 1925 honos.——9
1368 1894 1448 1929 Qua:
1475 1903 1520 1925 ex

56 1937 113 1968 lib.
129 1941 200 1968 vet.
216 1937 359 1978 aliisque
376 1941 448 1977 opt.
465 1940 567 1974 notae,
591 1940 681 1966 teste
706 1935 852 1976 Neapol.
874 1935 962 1966 Edd.
985 1935 1138 1975 plui-imae
1158 1937 1268 1972 Quod,-
1292 1937 1405 1968 Ursin.
1423 1941 1459 1968 et
1474 1936 1519 1968 A.

60 1980 149 2016 θυεμ·
174 1988 226 2019 pr.
243 1978 286 2010 A.
308 1979 430 2015 Quam‚·
454 1978 567 2010 Helm.
597 1979 662 2014 Ut,-
684 1978 766 2010 Jun.
792 1978 895 2016 Quod,
919 1982 954 2008 et
978 1979 1026 2009 sic
1054 1979 1154 2018 Laeti,
1176 1979 1365 2020 Hamburg.
1394 1984 1429 2010 et
1458 1989 1520 2011 sex

56 2022 210 2054 aliie-ll
236 2022 328 2053 Maz.
357 2031 376 2052 a
403 2031 454 2062 pr.
484 2032 573 2053 man.
601 2025 682 2052 erut.
709 2020 887 2052 veris—12
912 2020 1055 2052 Plurimi
1078 2022 1163 2062 sign.
1186 2024 1394 2054 canam—13
1418 2021 1520 2053 Alter

719 2107 750 2138 N
757 2105 865 2138 OTAE

58 2181 150 2214 dicat
175 2182 270 2215 Naso
296 2192 363 2214 non
390 2182 472 2214 satis
498 2191 671 2223 assequor,
697 2180 761 2212 nisi

58 2232 147 2266 forte
162 2233 204 2266 ad
219 2234 315 2265 unius
330 2233 463 2265 Amoris
478 2233 511 2264 in
529 2232 671 2264 diversis
688 2241 760 2263 cor·

59 2283 158 2316 dibus
174 2285 343 2326 geminum
356 2283 516 2316 effectum
532 2284 657 2315 allusit.
682 2283 760 2314 Non

60 2334 148 2367 enim
175 2336 313 2376 placent
332 2335 406 2376 jam
434 2345 510 2376 quae
542 2333 584 2365 de
606 2334 694 2366 Joco
725 2337 761 2364 et

60 2385 239 2428 Cupidine,
255 2386 361 2417 multo
388 2386 499 2417 minus
526 2394 601 2426 quae
627 2384 669 2415 de
695 2388 761 2414 ter-

58 2436 155 2469 remi
171 2442 206 2468 et
223 2437 352 2469 coelesti
370 2437 510 2475 Amore,
535 2436 761 2476 protulerunt.

102 2488 123 2517 2
151 2486 274 2527 Vatem]
301 2487 488 2526 Nasonem,
504 2486 577 2516 scil.

103 2538 123 2567 ³
147 2537 287 2578 Maiora]
313 2538 423 2571 Quam
448 2547 524 2579 quae
541 2537 686 2568 veneris
706 2536 761 2577 jo-

63 2594 149 2618 coso
163 2585 323 2619 instinctu
340 2589 407 2620 sint
421 2587 614 2620 scribenda.
647 2587 762 2618 Minus

2 2639 3 2660 l
64 2634 225 2668 euimilla
241 2642 394 2678 tempora
420 2648 495 2670 cum
522 2638 645 2677 causis,
672 2642 763 2669 cete-

67 2693 170 2726 raque
181 2695 200 2716 ι
213 2686 349 2718 Nasone
362 2693 534 2728 macoma,
545 2698 636 2719 curae
650 2687 762 2719 habet.

107 2738 128 2768 4
155 2733 264 2774 Vnus]
289 2735 516 2775 Amori-,acii

5 2827 7 2832 Α
108 2787 127 2814 5
153 2783 203 2815 De
215 2784 352 2825 tulum]
375 2786 539 2819 Additum
566 2788 669 2827 istud,
684 2788 764 2829 quia

5 2838 7 2847 ¹
67 2835 166 2878 paulo
182 2839 261 2869 ante
277 2834 411 2867 dixerat
424 2836 550 2880 Venus,
570 2839 579 2855 ‘
593 2837 683 2871 Quid
700 2837 762 2870 tibi

815 2187 947 2209 mecum
963 2178 985 2208 ?'
1028 2179 1155 2210 Verum
1193 2178 1345 2210 notanda
1381 2178 1521 2220 insuper

816 2230 936 2262 Pofitae
953 2231 1120 2262 calliditas
1135 2235 1170 2262 et
1185 2231 1296 2262 mollis
1314 2231 1498 2272 elegantia.

859 2281 960 2322 Risit]
995 2282 1152 2314 Noverat
1182 2283 1310 2324 quippe
1341 2282 1406 2314 sibi
1437 2281 1518 2323 quid

816 2333 920 2364 vellet
936 2337 1119 2365 veterator.

858 2386 876 2413 7
904 2383 1020 2423 Sanus]
1046 2384 1150 2414 Nullo
1177 2384 1211 2414 in
1237 2392 1350 2414 amore
1375 2391 1521 2423 occupa·

815 2439 883 2467 tus.

859 2487 961 2524 Signa
976 2486 1101 2526 reliqui]
1127 2485 1279 2518 Destitui
1297 2490 1342 2517 te.
1364 2485 1524 2527 Metaph.

816 2546 836 2568 a
852 2536 1028 2568 militibus.

859 2591 880 2618 9
903 2587 980 2618 Sine
1006 2587 1150 2627 crimine]
1173 2587 1304 2628 Saepius
1330 2587 1376 2619 ita
1400 2586 1524 2627 praedi-

817 2637 927 2676 cavit;
950 2637 1060 2668 minus
1077 2647 1156 2668 vere
1173 2641 1299 2668 tannen.

863 2690 901 2718 10
927 2687 1072 2728 Ter-itur]
1096 2687 1252 2727 Metapli.
1274 2686 1351 2723 alia,
1366 2694 1431 2725 qua
1447 2694 1521 2724 gra-

817 2737 969 2770 vioribus
979 2747 1080 2779 quam
1094 2735 1227 2768 Amoris
1237 2734 1429 2765 districtum
1445 2743 1520 2766 sese

817 2788 911 2819 Naso
927 2786 1067 2818 indicat.

863 2839 902 2870 1³
927 2834 1149 2875 celeberrima]
1173 2833 1262 2867 Quia
1278 2837 1313 2866 et
1327 2833 1453 2867 Veneri
1468 2843 1518 2868 u-
