1773 3121
275 223 388 266 1762
756 235 798 265 P.
832 235 989 266 ovrnn
1025 234 1237 267 NAsoN1s

274 329 384 370 Tale
407 333 534 370 sonat
552 329 761 382 populus.
824 329 909 369 Sed
930 342 1008 382 per
1029 330 1214 370 confusa
1233 329 1456 371 frementis

273 395 423 437 Verba
444 401 584 437 tamen
604 397 723 447 vulgi
743 408 832 436 vox
852 397 1010 436 eminet
1029 410 1130 447 una,
1154 397 1269 447 Quis
1291 398 1366 437 ille
1385 398 1402 436 ¹?

275 463 333 504 Et
349 468 548 516 spectant
567 463 747 512 frontes,
770 463 1070 516 praedictaque
1091 477 1255 504 cornua
1278 467 1493 516 quaerunt.

276 529 449 570 Rursus
470 530 525 569 ad
546 531 625 570 hos
648 528 798 582 Cipus,
821 528 964 578 Quem
986 530 1182 582 poscitis,
1204 531 1359 583 inquit,
1381 529 1551 572 habetis
1571 543 1581 570 ε

275 598 347 648 Et,
370 599 514 640 demta
535 598 683 651 capiti,
703 597 867 651 populo
890 597 1159 650 prohibente,
1184 610 1363 647 corona,
1638 598 1726 640 610

275 665 488 707 Exhibuit
506 665 675 717 gemino
695 665 934 717 praesignia
955 668 1153 716 tempora
1172 677 1321 705 cornu.

276 732 504 773 Demisere
527 732 678 772 oculos
698 743 875 781 omnes;
906 732 1196 783 gemitumque
1226 731 1409 772 dedere:

274 797 424 851 Atque
444 798 550 838 illud
572 798 738 838 meritis
757 797 918 837 clarum
951 796 1075 850 (quis
1098 797 1269 837 eredere
1288 797 1430 850 possit
1444 794 1485 849 ’1)

275 865 412 906 Inviti
428 865 569 905 videre
591 869 748 916 caput:
780 876 858 902 neo
878 863 1039 903 honore
1060 877 1206 904 carere

275 931 469 973 Ulterius
490 931 628 983 passi,
650 930 801 969 festam
822 930 1067 980 imposuere
1088 943 1311 970 coronam.
1642 930 1729 971 615

273 997 339 1039 At
359 1010 576 1052 proceres,
597 996 802 1049 quoniam
821 1008 970 1034 muros
990 996 1145 1036 intrare
1165 997 1340 1046 vereris,

276 1064 410 1105 Ruris
431 1063 627 1104 honorati
649 1067 812 1103 tantum
834 1062 930 1111 tibi,
954 1061 1081 1115 Cipe,
1108 1062 1279 1112 dedere,

277 1130 501 1181 Quantum
521 1131 732 1183 depresso
751 1129 961 1181 subjectis
982 1130 1125 1169 bubus
1146 1134 1288 1170 aratro

276 1196 518 1250 Complecti
539 1208 699 1249 posses
720 1195 776 1235 ad
796 1195 922 1235 finem
945 1195 1061 1236 Solis
1083 1197 1138 1236 ab
1160 1199 1270 1237 ortu.

276 1262 537 1314 Cornuaque
558 1262 723 1309 aeratis,
744 1261 896 1300 miram
915 1261 1144 1301 referentia
1161 1262 1359 1312 formam,
1641 1261 1726 1304 620

277 1328 486 1369 Postibus
507 1328 768 1380 insculpunt,
789 1326 970 1378 longum
989 1339 1198 1368 mansura
1215 1341 1290 1381 per
1312 1341 1470 1369 aevum.

276 1467 389 1494 remoto
404 1465 466 1495 loco
479 1474 491 1500 ;
517 1464 593 1495 talia
607 1463 707 1495 reddit
720 1464 857 1503 populus.
908 1462 1020 1494 Verum
1042 1467 1144 1494 tamen
1157 1474 1234 1495 unus
1253 1473 1354 1501 sonus,
1372 1463 1451 1499 Quis
1465 1463 1542 1495 ille?
1565 1463 1727 1494 extollitur

275 1515 366 1545 super
379 1516 464 1537 voces
479 1506 619 1543 confusas
629 1506 734 1545 populi
749 1505 947 1545 trepidantis.
992 1506 1094 1545 Atque
1109 1506 1267 1537 intuentur
1274 1506 1410 1544 frontes,
1426 1509 1454 1535 et
1468 1507 1601 1536 lustrant
1614 1515 1726 1536 cornua

272 1549 435 1587 praedicta.
483 1549 578 1588 Cipus
601 1550 640 1578 ud
663 1549 716 1578 lios
738 1548 846 1584 denuo,
875 1547 1005 1584 Videtis,
1026 1549 1084 1586 ait,
1099 1558 1185 1588 quem
1199 1548 1338 1588 quaeritis
1347 1559 1357 1584 ,·
1380 1551 1469 1587 atque
1482 1547 1603 1578 sublata
1617 1557 1727 1578 corona

275 1599 315 1620 ex
331 1590 431 1629 capite
457 1591 564 1629 populo
593 1590 731 1620 obstante
756 1589 888 1620 ostendit
914 1592 1050 1628 tempora
1075 1590 1233 1630 conspicua
1257 1590 1372 1630 duplici
1398 1599 1501 1620 cornu.
1549 1591 1662 1620 Omnes
1676 1591 1728 1620 de-

273 1636 451 1671 presserunt
465 1633 576 1670 oculos,
588 1635 678 1671 atque
690 1633 902 1670 ingemuerunt
911 1642 922 1668 ;
945 1635 988 1669 et,
1001 1632 1067 1671 quis
1080 1633 1283 1673 possitfidem
1299 1632 1409 1663 habere
1420 1630 1436 1663 ?
1457 1633 1592 1663 nolentes
1602 1641 1726 1672 aspexe-

275 1677 350 1704 runt
364 1675 439 1704 illud
454 1678 544 1714 caput
559 1675 707 1714 inclytum
723 1673 877 1714 beneficiis
886 1683 898 1709 ;
927 1683 1021 1714 neque
1043 1674 1127 1714 passi
1153 1684 1214 1705 esse
1237 1675 1353 1705 diutius
1370 1674 1436 1704 sine
1451 1674 1562 1705 honore
1576 1675 1725 1714 imposue-

274 1719 350 1746 runt
369 1716 487 1753 sestam
514 1726 664 1748 coronam.
708 1717 753 1746 At
783 1716 957 1756 optimates,
993 1717 1232 1756 quandoquidem
1256 1717 1449 1757 prohibearis
1475 1716 1578 1747 subire
1601 1716 1725 1755 nzoenia,

277 1758 365 1798 Cipe,
379 1759 574 1797 proebuerunt
589 1758 648 1789 tibi
663 1762 783 1789 tantum
808 1758 879 1797 agri
896 1759 1065 1799 honorifici,
1087 1762 1232 1798 quantum
1255 1769 1358 1799 posses
1371 1759 1618 1798 comprehendere
1633 1758 1726 1788 hobus

274 1801 432 1831 submissis
455 1805 560 1832 aratro
589 1801 720 1841 impacto
749 1801 786 1830 ab
817 1803 887 1830 ortu
919 1801 1001 1831 Solis
1022 1802 1062 1831 ad
1089 1811 1236 1832 occasum.
1280 1804 1383 1842 Atque
1397 1801 1574 1840 insculpunt
1587 1800 1725 1840 postibus

276 1843 384 1874 oeratis
413 1853 524 1874 cornua
554 1843 712 1874 imitantia
738 1844 917 1882 stupendam
933 1843 1087 1883 figuram,
1109 1845 1260 1875 duratura
1286 1854 1343 1884 per
1366 1844 1457 1883 longa
1476 1843 1596 1874 saecnla.

1096 1938 1113 1948 e

277 2003 340 2033 606
363 2001 443 2031 Duo
459 2001 532 2032 libri
547 2002 656 2040 vulgus
671 2010 731 2041 pro
744 2002 883 2041 populus.
929 2002 1011 2032 Mox
1037 2002 1131 2033 multi
1157 2000 1237 2039 conf.
1264 2001 1446 2037 trementis,·
1468 2010 1551 2031 nnus
1573 2000 1723 2032 timentis.

276 2046 382 2074 -607
405 2044 554 2073 Berolin.
577 2044 629 2074 ille
644 2046 807 2074 est.—609
830 2044 898 2073 Pro
912 2044 1039 2082 poscitis
1066 2045 1123 2074 alii
1145 2044 1296 2083 quaeritis,
1321 2044 1373 2074 vel
1396 2044 1531 2073 noscitis.
1575 2043 1658 2073 Mox
1675 2043 1722 2074 O.

275 2086 340 2125 inq.
355 2085 619 2116 habemus.—6lo
638 2086 754 2115 Burm.
769 2085 854 2124 conj.
869 2095 940 2125 pop.
956 2089 1122 2125 spectante,
1139 2086 1188 2116 vel
1202 2087 1356 2122 mirante3
1370 2086 1422 2116 vel
1438 2086 1520 2115 nullo
1533 2084 1722 2124 prohibente.

275 2130 381 2158 —613
406 2127 512 2158 Gron.
530 2128 572 2157 V.
589 2131 624 2157 et
640 2126 721 2167 Arg.
736 2137 811 2158 mer.
825 2131 1074 2166 parrum—616
1098 2128 1136 2158 In
1160 2128 1295 2159 Caelest.
1317 2131 1422 2167 portas
1437 2137 1498 2167 pro
1512 2137 1622 2158 muros.
1664 2127 1721 2158 Ve-

274 2170 352 2200 reris
378 2169 464 2200 Mor.
491 2169 580 2209 quod
608 2170 733 2199 rectius
761 2174 796 2199 et
817 2169 945 2200 meritis
973 2170 1049 2210 Cipi
1076 2170 1330 2201 convenientius
1347 2169 1456 2200 credit
1474 2170 1588 2199 Burni.
1619 2169 1720 2209 Vulg.

276 2211 438 2242 edebatur
454 2211 685 2242 vetaris—618
711 2210 775 2241 Alii
800 2210 890 2241 bobus
906 2221 966 2251 pro
994 2212 1098 2250 bubus,
1121 2217 1158 2242 ut
1185 2212 1384 2243 alim-619
1407 2212 1490 2242 Solis
1506 2221 1547 2242 ex
1568 2211 1719 2250 plurimis

275 2253 387 2291 libris;
409 2254 501 2293 vulg.
518 2254 708 2284 tucis-620
721 2254 872 2284 Berolin.
890 2263 965 2284 cum
981 2255 1092 2284 multis
1109 2255 1180 2284 aliis
1199 2255 1352 2294 Cornuaq.
1368 2254 1497 2284 auratis.
1511 2253 1642 2284 Deinde
1658 2263 1720 2293 pro

275 2296 397 2333 miram,
412 2305 496 2325 unus
515 2295 609 2325 Leid.
636 2306 760 2330 υενιινη,ο
783 2295 871 2336 quod
895 2305 960 2326 non
988 2297 1121 2326 omnino
1146 2296 1370 2327 damnandum
1397 2300 1511 2326 censet
1525 2296 1639 2326 Burru-
1654 2295 1720 2326 nisi

277 2338 352 2379 quis
367 2341 497 2369 veterem
522 2338 626 2369 malit.
659 2338 741 2369 Mox
757 2337 840 2378 Arg.
863 2339 1047 2379 praestantia
1065 2338 1163 2377 form.
1192 2349 1211 2369 a
1237 2339 1435 2380 quibusdam
1452 2338 1553 2369 etiam
1571 2337 1720 2368 testantia
1772 2355 1773 2378 1

928 2450 1066 2481 NOTAE

317 2526 380 2554 612
413 2522 588 2562 Demisere]
621 2523 702 2553 Tum
726 2532 766 2554 ne
788 2523 868 2554 boni
884 2523 966 2554 civis
1020 2523 1149 2563 possit:
1182 2521 1328 2562 illudque
1352 2521 1405 2551 hic
1431 2520 1564 2551 videtur
1594 2519 1720 2560 siguifi-
1766 2527 1768 2531 ⁴

275 2573 421 2604 dedecus
446 2573 651 2613 aspicerent,
675 2578 743 2603 tuni
766 2577 803 2604 ut
826 2574 967 2604 animum
1020 2572 1102 2603 cari.

279 2622 406 2662 aregia
427 2621 590 2661 dignitate
619 2631 771 2652 aversum
797 2622 966 2661 patefac-e·
1063 2625 1125 2653 620
1149 2619 1283 2658 Mirum]
1326 2619 1413 2651 Quia
1442 2619 1584 2648 humano
1611 2619 1716 2659 capiti
1764 2619 1765 2622 ’

276 2676 365 2703 rent.
1022 2672 1145 2702 adnata
1156 2679 1287 2701 cornua.
1305 2669 1435 2709 Capitis
1448 2673 1559 2699 autem
1571 2667 1715 2709 effigiem

318 2721 969 2762 618Quantum].lngerumilluddicitnr‚
1023 2731 1121 2752 aereae
1148 2726 1253 2761 portae
1291 2727 1357 2759 qua
1383 2719 1486 2759 Cipus
1523 2722 1717 2750 excesserat

278 2775 438 2815 quantum
464 2781 525 2813 par
540 2771 638 2804 boum
663 2780 729 2803 uno
752 2771 807 2803 die
830 2780 968 2803 exarare
1022 2771 1184 2804 inclusam
1198 2769 1299 2801 fnisse
1315 2772 1461 2801 testatur
1473 2767 1641 2800 Valerius.
