1773 3121
296 193 411 237 2066
783 205 823 237 P.
855 203 1015 236 ov1n11
1047 203 1261 235 NAsoms

299 301 414 351 Quae
434 312 603 355 precor,
623 300 850 342 eveniant:
880 305 923 342 et
941 314 1024 342 nos
1041 300 1257 342 faciamus
1278 298 1334 340 ad
1356 310 1515 339 annum
1656 298 1742 340 775

355 368 587 410 Pastorum
607 368 791 408 dominae
812 368 988 421 grandia
1008 369 1100 409 liba
1127 367 1239 408 Pali.

299 435 387 476 His
409 436 507 477 Dea
526 436 743 489 placanda
764 440 857 477 est:
887 437 981 477 haec
1001 442 1048 477 tu
1068 447 1302 477 conversus
1322 432 1378 475 ad
1399 436 1518 474 ortus

356 503 441 544 Dic
463 509 540 554 ter,
562 509 605 545 et
623 505 668 544 in
688 504 790 544 vivo
810 504 964 557 prolue
985 517 1077 544 rore
1098 515 1266 543 manus,

296 569 410 611 Tum
429 572 547 621 licet,
566 572 785 625 apposita,
805 572 938 613 veluti
957 575 1134 620 cratere,
1156 570 1359 618 camella,

354 638 445 679 Lac
465 638 640 679 niveum
660 642 802 692 potes,
826 651 1177 691 purpureamque
1200 650 1373 691 sapam.
1658 634 1743 677 780

298 704 494 758 Moxque
513 719 592 759 per
613 705 812 746 ardentes
834 706 1006 759 stipulae
1029 706 1286 758 crepitantis
1308 715 1487 746 acervos

352 771 569 826 Trajicias
591 772 720 812 celeri
739 776 909 811 strenua
927 772 1119 811 membra
1137 772 1268 824 pede.

297 837 544 890 Expositus
564 850 662 877 mos
684 840 764 877 est.
825 836 964 876 Moris
982 837 1088 877 mihi
1107 842 1246 878 restat
1266 839 1401 891 origo.

352 904 504 945 Turba
522 904 632 944 facit
650 903 831 944 dubium
849 917 859 954 ;
892 907 1125 956 coeptaque
1144 909 1295 944 nostra
1314 907 1443 945 tenet.

296 970 457 1012 Omnia
476 975 632 1024 purgat
652 970 766 1011 edax
786 970 914 1023 ignis,
937 970 1173 1023 vitiumque
1189 959 1375 1010 metallis
1658 969 1744 1012 785

354 1037 598 1091 Excoquit:
631 1037 794 1077 idcirco
816 1050 914 1077 eum
938 1036 1048 1077 duce
1067 1040 1226 1090 purgat
1246 1049 1369 1077 oves.

295 1105 383 1155 An,
405 1105 511 1159 quia
529 1107 782 1146 cunctarum
802 1105 1016 1145 contraria
1034 1105 1201 1146 semina
1220 1117 1365 1145 rerum

352 1173 463 1213 Sunt
481 1172 585 1221 duo,
607 1171 834 1212 discordes
855 1171 966 1223 ignis
987 1174 1029 1211 et
1049 1171 1166 1212 unda
1184 1172 1294 1224 Dei;

295 1295 388 1332 alque
403 1302 457 1323 nos
468 1292 629 1334 fingamus
653 1293 831 1322 recurrente
856 1301 935 1321 anno
951 1293 1039 1321 vasta
1062 1290 1123 1321 liba
1150 1290 1224 1321 Pali
1243 1290 1374 1322 dominoe
1394 1294 1563 1331 pastorum.
1606 1292 1678 1324 Dea
1698 1297 1744 1325 est

293 1336 409 1375 pianda
424 1335 472 1365 his
485 1345 495 1365 .·
518 1338 565 1364 ter
580 1335 642 1364 ista
656 1337 758 1373 repete
773 1336 914 1372 spectans
933 1336 1046 1371 ortum,
1069 1336 1160 1372 atque
1175 1334 1245 1363 lava
1267 1343 1375 1363 manus
1393 1334 1426 1365 in
1442 1343 1519 1374 aqua
1535 1334 1616 1365 riva.
1664 1335 1743 1367 Tum

287 1377 344 1416 fas
358 1380 403 1407 est
418 1376 502 1406 bibas
528 1377 574 1405 lac
597 1375 732 1414 niveum,
755 1378 784 1405 et
809 1384 916 1413 sapam
939 1384 1124 1413 purpuream
1145 1376 1274 1405 camella
1295 1377 1418 1405 admota
1440 1379 1587 1416 tanquam
1611 1380 1743 1410 cratere.

294 1420 430 1458 Moxque
446 1417 640 1448 transmittas
654 1417 746 1447 veloci
759 1417 835 1456 pede
850 1416 967 1447 validos
981 1419 1068 1445 artus
1081 1425 1137 1455 per
1151 1418 1284 1446 cumulos
1298 1418 1420 1455 stipuloe
1435 1418 1608 1449 stridentis.
1647 1419 1744 1451 Ritus

293 1461 466 1491 declaratus
480 1462 537 1490 est.
584 1460 684 1498 Origo
699 1458 763 1497 ejus
787 1458 864 1488 mz'hz'
881 1461 1018 1498 superest
1042 1457 1197 1489 dicenda.
1244 1459 1399 1488 Numerus
1413 1469 1467 1489 me
1481 1459 1566 1496 facit
1582 1461 1744 1502 incertum,

294 1506 384 1542 atque
398 1504 538 1533 moratur
552 1504 689 1532 nostrum
715 1501 901 1532 institutum.
946 1500 1036 1539 Ignis
1051 1510 1147 1531 vorax
1161 1504 1316 1540 expurgat
1339 1501 1453 1539 omnia,
1473 1505 1564 1542 atque
1587 1505 1743 1544 percoquit

292 1545 406 1575 vitium
420 1544 571 1576 metallis:
594 1545 662 1574 ici-eo
684 1547 800 1584 purgat
814 1553 883 1574 oves
896 1553 963 1573 cum
978 1544 1063 1573 duce.
1109 1544 1160 1573 An
1175 1543 1247 1583 quia
1265 1543 1351 1582 Ignis
1365 1547 1396 1574 et
1410 1544 1513 1584 Aqua,
1531 1545 1592 1576 Dii
1606 1547 1665 1576 duo
1680 1547 1744 1578 dis-

295 1587 440 1627 sidentes,
464 1591 535 1618 sunt
561 1587 678 1618 semina
705 1585 913 1626 repugnantia
928 1585 1062 1616 omnium
1088 1595 1202 1625 rerum,
1228 1586 1355 1624 majores
1375 1585 1550 1624 junxerunt
1575 1588 1723 1620 elementa
1732 1599 1746 1627 ;

902 1663 1136 1675 eeeeeeeeeoaee

295 1714 494 1755 polis.—-775
519 1713 640 1745 Heius.
670 1714 773 1744 vellet
795 1723 876 1752 pree.
898 1714 1054 1744 evenient:
1087 1716 1120 1743 at
1147 1723 1201 1743 nos
1216 1712 1284 1749 fac.
1328 1713 1416 1743 Tum
1431 1714 1560 1745 Thuan.
1577 1714 1608 1745 in
1623 1725 1743 1746 ann.—

295 1760 357 1788 77⁷
380 1757 461 1790 Jun.
478 1760 513 1788 tu
525 1766 689 1796 generosus
704 1758 742 1787 ad
758 1759 817 1787 ort.
842 1756 905 1787 Ed.
923 1757 955 1787 N
960 1757 1070 1798 eapol.
1093 1765 1254 1787 conversus
1276 1756 1316 1786 ad
1330 1759 1432 1786 ortum
1447 1767 1459 1793 ‚·
1481 1757 1606 1787 Thuan.
1619 1761 1656 1788 et
1670 1761 1742 1789 tres

295 1799 352 1830 alii
368 1800 408 1830 ad
437 1801 670 1831 Orcum—778
698 1799 755 1829 Ter
779 1802 809 1829 et
826 1799 858 1830 in
879 1799 940 1830 viv.
965 1808 1007 1829 ex
1035 1798 1122 1830 Laeti
1150 1798 1234 1830 Cod.
1260 1802 1295 1828 et
1318 1808 1369 1838 pr.
1396 1797 1440 1830 A.
1461 1802 1496 1829 et
1508 1800 1614 1839 prolue
1628 1809 1670 1830 ex
1685 1801 1742 1833 Sa.

295 1842 387 1882 vulg.
402 1846 523 1882 quater,
547 1846 577 1873 et
603 1842 665 1872 viv.
681 1842 796 1881 perlue.
822 1841 939 1872 Heius.
966 1841 1083 1872 mallet
1104 1844 1166 1879 ter,
1190 1844 1221 1871 et
1247 1841 1443 1871 initu-779
1466 1841 1628 1872 Nonnulli
1659 1842 1743 1874 Tunc

294 1885 349 1915 vel
366 1884 452 1915 Dum
467 1885 516 1916 lic.
561 1885 606 1915 Et
621 1885 676 1915 Fr.
691 1884 742 1914 lic.
758 1884 899 1924 aposita,
915 1894 934 1914 a
950 1893 1037 1914 man.
1055 1893 1105 1924 pr.
1133 1884 1216 1913 Tum
1234 1883 1382 1914 nonnulli
1396 1884 1477 1914 velut
1491 1884 1534 1914 in.
1557 1883 1626 1915 Alii
1638 1884 1741 1916 etiam

293 1930 371 1958 crat.
394 1928 526 1966 camilla,
553 1927 605 1957 vel
631 1927 866 1957 canella.—780
890 1926 1022 1957 Zulich.
1046 1926 1110 1956 Lac
1125 1925 1252 1956 mistum
1275 1929 1339 1965 pot.
1364 1926 1454 1965 quod
1471 1926 1588 1956 Heius.
1605 1926 1743 1958 arridet.

295 1969 379 1999 Mox
398 1969 497 1999 Cant.
523 1979 738 2009 purpureamq.
763 1978 876 2009 sapam
910 1974 946 1999 et
970 1969 1050 2000 Jun.
1072 1970 1295 2007 sapum—781
1320 1967 1362 1997 In
1388 1968 1499 1998 Ursin.
1519 1967 1576 2005 fac
1601 1977 1661 2007 pro
1675 1978 1741 2008 per.

296 2010 380 2041 Mox
396 2011 484 2041 Maz.
501 2021 519 2042 a
535 2020 585 2051 pr.
599 2021 687 2041 man.
702 2011 818 2050 stipula
833 2010 1002 2051 crepitante
1024 2012 1276 2041 sacerdos—782
1299 2009 1394 2040 Unus
1411 2010 1488 2040 Pat.
1503 2016 1539 2040 et
1555 2010 1741 2050 Gottorph.

299 2052 469 2083 Transilias
482 2054 534 2083 cel.
551 2057 586 2084 et
599 2054 687 2083 alter
701 2054 742 2084 V.
758 2053 849 2083 turba
866 2062 926 2093 pro
938 2053 1081 2083 membra.
1098 2052 1216 2083 Heins.
1234 2056 1342 2082 totum
1359 2051 1491 2082 distich.
1508 2052 1556 2082 sie
1573 2051 1742 2092 refingere

296 2094 435 2125 volebat
461 2094 569 2133 Moxq.
586 2098 634 2125 ter
648 2096 714 2124 ard.
731 2104 754 2125 s.
770 2105 798 2124 c.
820 2105 849 2124 a.
881 2094 1065 2133 Transilz'as,
1084 2093 1155 2133 [vel
1182 2092 1346 2132 Trajicias]
1369 2094 1423 2124 cel.
1448 2103 1474 2124 s.
1499 2093 1588 2124 turba
1609 2096 1740 2135 pede.—

296 2138 356 2167 785
382 2136 521 2168 Metalzis
536 2145 579 2167 ex
593 2136 788 2168 melioribus
805 2136 935 2176 recepit
952 2136 1071 2167 Heius.
1094 2144 1154 2176 pro
1177 2136 1266 2176 vulg.
1281 2135 1517 2167 metalla—'83
1541 2136 1608 2168 Pro
1624 2138 1741 2169 discor-

947 2224 1085 2256 NOTAE

337 2303 401 2333 779
432 2301 582 2342 Camella]
626 2301 696 2332 Vas
725 2299 790 2332 fuit
820 2298 989 2342 quoddam
1089 2299 1213 2339 Caepta]
1243 2298 1386 2330 Causam
1402 2299 1546 2331 reddere
1561 2301 1677 2334 moris.

297 2351 456 2392 ligneum.
1086 2352 1146 2381 785
1174 2349 1304 2390 Omnia]
1328 2350 1379 2381 Ex
1394 2350 1539 2382 Judaiea
1554 2351 1690 2393 quidem
1703 2357 1741 2384 et

337 2403 400 2431 780
423 2401 552 2442 Saparn]
588 2401 739 2433 Mnstum
769 2400 812 2432 ad
845 2400 990 2432 mediam
1043 2400 1245 2432 Graecanica
1271 2400 1441 2441 opinione,
1471 2410 1544 2441 quae
1576 2406 1612 2433 et
1627 2401 1740 2433 Chris-

296 2454 427 2490 partem
443 2450 631 2482 decoctum.
1043 2450 1149 2482 tiauos
1173 2451 1352 2482 invaserat.
1396 2450 1522 2482 Verum
1538 2451 1606 2482 Dei
1627 2453 1740 2492 gratia

338 2501 401 2530 782
427 2499 592 2540 Trajicias]
631 2500 797 2540 Intelligis
813 2499 885 2540 jam
909 2500 987 2540 quid
1042 2500 1133 2540 apud
1163 2509 1251 2531 sanae
1280 2500 1402 2530 mentis
1429 2500 1518 2531 viros
1543 2502 1643 2534 nullae
1664 2503 1739 2544 jam

297 2548 363 2580 sibi
389 2550 533 2580 voluerit
561 2551 663 2589 Naso,
680 2561 756 2583 cum
780 2561 815 2581 se
840 2549 988 2583 flammas
1042 2555 1117 2581 sunt
1129 2550 1360 2590 hujuscemodi
1376 2550 1525 2590 ineptiae.

298 2599 386 2631 dixit
403 2599 621 2631 transiluisse.
1085 2602 1148 2630 786
1171 2600 1304 2640 Idcirco]
1335 2599 1457 2630 Annon
1479 2599 1552 2632 haec
1575 2602 1739 2642 praeclara

342 2649 460 2691 Celeri]
509 2650 632 2681 Tutum
667 2659 809 2691 namque
843 2650 897 2682 hic
923 2660 989 2682 non
1043 2650 1316 2690 argumentatio?

298 2698 388 2731 foret
403 2699 495 2730 lento
511 2699 599 2740 pede
616 2700 799 2731 ambulare.
1085 2701 1190 2741 Duce]
1237 2701 1392 2740 Pastore,
1427 2700 1570 2735 scilicet.
1624 2704 1738 2738 Quan-

340 2751 403 2785 784
427 2749 543 2794 Turba]
571 2749 754 2786 Causarum
769 2750 961 2783 multitudo.
1042 2760 1143 2796 quam
1158 2756 1194 2783 et
1208 2751 1277 2783 dux
1293 2752 1404 2797 gregis
1418 2751 1517 2786 aries.

1755 3019 1761 3120 s

1766 2774 1770 2852 ι’

1761 2866 1767 2975 l
