1773 3121
262 215 375 257 1780

754 226 795 256 Ρ.
827 224 984 254 ovtDIi
1018 224 1230 255 NASONIS

264 322 467 364 Invenies
489 321 578 362 illic
601 319 736 360 incisa
757 319 988 360 adamante
1010 321 1182 372 perenni

263 391 376 432 Fata
397 390 460 430 tui
481 388 672 441 generis:
702 387 787 440 legi
806 387 919 440 ipse,
942 387 1172 439 animoque
1193 386 1364 427 notavi:

263 459 319 500 Et
337 458 519 498 reseram
537 470 546 496 :
577 468 629 495 ne
650 455 710 495 sis
728 455 961 495 etiamnum
979 455 1129 506 ignara
1148 454 1293 494 futuri.

263 526 354 566 Hic
377 537 460 565 sua
481 523 722 576 complevit
749 521 850 577 (pro
872 536 974 576 quo,
998 521 1226 574 Cytherea,
1247 518 1448 572 laboras)

261 593 494 646 Tempora,
517 591 740 645 perfectis,
762 603 874 644 quos
894 595 1017 630 terrae
1040 590 1208 637 debuit,
1232 588 1372 629 annis.

261 659 325 701 Ut
344 659 466 700 Deus
485 658 667 700 accedat
686 659 818 707 coelo,
841 659 1100 711 templisque
1122 657 1302 704 colatur,

260 726 331 767 Tu
352 726 502 776 facies,
521 729 734 779 natusque
757 737 877 774 suus,
899 725 974 777 qui
994 724 1182 764 nominis
1203 724 1354 773 haeres,

262 794 524 847 Impositum
546 793 649 833 feret
671 793 803 832 Urbis
824 805 958 832 onus:
993 792 1187 844 caesique
1209 790 1404 844 parentis

1632 786 1716 828 820

261 861 360 901 Nos
379 861 425 901 in
446 861 561 900 bella
583 872 688 899 suos
707 859 971 899 fortissimus
990 859 1099 897 ultor
1118 858 1310 898 habebit.

262 927 389 967 Illius
408 927 620 979 auspiciis
643 926 839 966 obsessae
862 925 1024 964 moenia
1048 936 1205 976 pacem

261 992 396 1034 victa
415 995 563 1045 petent
583 991 768 1032 Mutinae
788 1004 797 1031 ε
830 990 1063 1031 Pharsalia
1085 990 1243 1030 sentiet
1261 989 1398 1038 illum,

260 1119 354 1151 neque
370 1110 445 1140 ullas
460 1110 576 1140 ruinas.
621 1110 691 1140 Illic
705 1107 840 1149 reperies
854 1112 950 1140 sortes
975 1112 1037 1139 tuce
1064 1108 1174 1140 sobolis
1198 1110 1333 1149 sculptas
1357 1109 1520 1139 adamante
1533 1106 1715 1138 inviolabili.

261 1154 332 1192 Ipse
361 1153 435 1191 legi,
462 1156 553 1192 atque
578 1151 702 1191 signavi
726 1155 842 1182 mente:
868 1155 898 1182 et
928 1151 1070 1190 narrabo,
1098 1162 1135 1182 ne
1159 1152 1203 1183 sis
1229 1152 1328 1182 adhuc
1351 1152 1452 1183 nescia
1473 1149 1592 1189 futuri.
1636 1150 1716 1189 Hic,

259 1195 345 1232 cujus
374 1204 465 1225 causa
491 1195 611 1225 solicita
636 1194 684 1233 es,
711 1194 875 1233 Cytherea,
900 1195 1067 1225 cumulavit
1091 1205 1179 1225 suam
1208 1198 1346 1231 mititem,
1382 1194 1498 1225 exactis
1519 1193 1610 1224 annis
1644 1202 1718 1233 quos

261 1237 365 1268 debuit
381 1240 485 1268 terroe.
534 1237 579 1267 Tu
607 1246 668 1266 una
693 1246 759 1266 cum
787 1245 840 1266 suo
858 1235 943 1276 filie,
968 1237 1019 1275 qui
1045 1237 1144 1266 laceres
1170 1237 1302 1267 nominis
1319 1237 1406 1274 feret
1428 1237 1547 1276 pondus
1570 1234 1716 1273 injectum

267 1279 373 1318 Urbis,
385 1279 519 1317 curabis,
543 1282 579 1309 ut
605 1278 800 1318 superveniat
825 1279 912 1309 Deus
935 1279 1019 1315 coelo,
1047 1282 1077 1308 et
1102 1279 1267 1309 honoretur
1295 1279 1325 1309 iu
1350 1279 1493 1318 templis.-
1516 1281 1547 1309 et
1568 1278 1626 1308 ille
1650 1277 1717 1308 vin·

260 1323 322 1353 dex
344 1321 597 1360 generosissimus
621 1321 724 1361 patris
753 1319 911 1358 interfecti
939 1320 1063 1351 habebit
1090 1331 1143 1352 nos
1168 1331 1238 1352 suos
1265 1321 1298 1351 in
1325 1321 1415 1351 bellu.
1463 1320 1552 1351 illuri
1577 1320 1717 1359 superati

261 1364 398 1396 Muunoe
425 1364 580 1394 obsidione
603 1372 716 1403 pressa?
739 1363 802 1401 ejus
827 1363 973 1402 auspiciis
992 1367 1099 1403 petent
1119 1374 1247 1403 pacem:
1282 1363 1449 1394 Pharsalia
1474 1363 1587 1393 sentiet
1615 1362 1714 1402 illum,

871 1446 1108 1457 eeeeeeeeeeee

261 1505 555 1533 concussum—813
589 1502 712 1532 Inclusa
739 1504 790 1531 est
816 1511 856 1531 ex
881 1500 1002 1531 Urbiu.
1026 1501 1198 1540 Bernegg.
1223 1510 1275 1540 pr.
1304 1498 1494 1538 Hamburg.
1524 1498 1654 1530 Arund.
1680 1503 1716 1530 et

261 1545 376 1575 multis
393 1546 465 1575 aliis
480 1554 540 1585 pro
557 1545 648 1584 vulg.
671 1543 768 1574 incisa
780 1555 789 1573 :
815 1553 864 1584 pr.
882 1544 960 1574 Bas.
978 1543 1245 1583 insculpta—815
1270 1543 1366 1573 Unus
1384 1541 1506 1572 Heius.
1536 1542 1582 1572 Et
1604 1542 1717 1580 refero.

262 1587 400 1617 Deinde
416 1597 466 1627 pr.
484 1588 526 1617 V.
551 1597 587 1617 ne
612 1587 655 1617 sis
681 1590 711 1617 et
735 1596 814 1616 nuuc
840 1587 905 1625 ign.
931 1596 1015 1616 unus
1034 1586 1153 1616 Heius.
1173 1589 1206 1616 ut
1220 1595 1319 1622 uunc;
1345 1589 1488 1625 quatuor
1504 1585 1598 1614 etiam
1611 1584 1716 1620 haud‚·

260 1629 412 1660 Beroliu.
428 1630 474 1660 vel
488 1639 567 1665 ‘norm
591 1639 674 1660 unus
691 1629 786 1659 etiam
800 1639 858 1659 non
872 1631 1093 1667 gnara—816
1116 1629 1210 1659 Unus
1228 1628 1344 1658 Heius.
1369 1627 1402 1658 Is
1421 1636 1476 1657 sua
1498 1628 1716 1667 compl.—-818

261 1672 405 1702 Plurimi
432 1676 518 1702 vett.
546 1672 698 1711 templisq.
721 1672 957 1702 leedan—819
981 1671 1062 1701 Suus
1081 1670 1198 1701 Heius.
1218 1670 1313 1701 dedit
1337 1679 1378 1700 ex
1404 1668 1554 1709 plurimis
1579 1669 1715 1710 scriptis

261 1724 324 1755 pro
341 1715 429 1755 vulg.
444 1718 535 1745 tuus:
559 1714 709 1745 nonnulli
726 1714 828 1744 etiam
843 1713 944 1744 simul.
989 1714 1072 1744 Mox
1089 1714 1185 1743 multi
1203 1722 1277 1743 eum
1305 1722 1356 1753 pr.
1380 1712 1454 1743 Pal.
1484 1712 1583 1742 Cant.
1609 1711 1652 1743 O.
1679 1715 1715 1742 et

261 1756 393 1788 Arund.
416 1757 469 1796 qui
485 1757 618 1787 murrinis
633 1757 706 1787 lucr.
730 1762 764 1787 et
788 1756 992 1796 Zinzerling.
1018 1761 1052 1786 et
1074 1766 1158 1786 unus
1181 1755 1277 1786 Leid.
1302 1756 1443 1785 muneris.
1488 1754 1583 1785 Unus
1610 1753 1715 1785 etiam

262 1799 356 1831 Med.
381 1800 514 1831 nominis
535 1800 739 1838 hujus-«820
768 1798 862 1830 Urbis
887 1799 1007 1829 Heius.
1035 1798 1167 1839 recepit
1193 1808 1236 1829 ex
1264 1797 1393 1829 duobus
1417 1797 1511 1828 Med.
1538 1806 1600 1837 pro
1624 1796 1713 1836 vulg.

914 1882 1056 1913 NOTAE

305 1960 368 1987 816
384 1956 462 1995 Sua]
482 1956 553 1986 Sibi
567 1965 587 1986 a
600 1955 680 1986 fatis
696 1955 877 1995 assignata,
893 1963 963 1985 Lvr.

264 2016 379 2046 annos,
394 2007 538 2037 scilicet.

303 2059 368 2087 818
387 2055 533 2095 Templis]
558 2056 635 2086 Non
652 2055 750 2086 modo
766 2055 844 2085 Sen.
863 2055 963 2085 Cous.

261 2105 293 2137 ei
310 2105 425 2135 divina
441 2105 539 2134 simul
567 2109 668 2144 atque
685 2105 829 2134 humana
851 2104 962 2134 omnia

261 2155 413 2193 decreta,
427 2159 481 2185 ant
500 2154 532 2184 in
548 2155 698 2185 Deorum
717 2164 889 2184 numerum
906 2154 960 2184 de-

262 2205 474 2236 cernentium
503 2214 561 2234 ore
591 2205 716 2234 relatus
746 2210 809 2242 est,
839 2205 896 2234 sed
924 2209 960 2234 et

261 2256 476 2296 persuasione
503 2255 614 2294 vulgi:
651 2255 883 2295 creditumque
907 2260 959 2285 cst

261 2306 393 2336 stellam
406 2306 572 2342 crinitam,
585 2315 657 2345 quae
671 2314 731 2344 per
743 2310 872 2344 septem
886 2305 957 2335 dies

259 2353 368 2394 fulsit,
387 2355 484 2392 ludis,
507 2365 590 2394 qnos
614 2355 720 2393 primo
743 2361 958 2386 consecratos

262 2405 294 2436 ei
319 2405 426 2435 haeres
456 2404 626 2444 Augustus
653 2406 787 2444 edebat,
816 2406 957 2436 Czrsuris

262 2464 335 2486 esse
363 2455 505 2485 animam
530 2455 563 2485 in
589 2456 709 2485 coelum
740 2457 886 2496 recepti3
922 2462 958 2486 ut

261 2503 369 2535 refert
384 2506 511 2545 'l‘ranq.
537 2505 575 2535 In
592 2505 665 2536 foro
684 2507 835 2536 Romano
850 2506 957 2537 aedem

261 2554 387 2585 habuit.
809 2548 812 2550 ¹

306 2607 368 2636 819
402 2606 520 2645 Natus]
555 2606 744 2646 Augustus,
770 2616 830 2646 per
854 2607 956 2647 adop-

262 2654 402 2686 tionem.

306 2707 367 2734 823
393 2705 542 2744 Mucium]
576 2706 614 2735 ln
642 2715 682 2735 ea
709 2705 830 2736 Gallim
856 2705 958 2736 Cisal-

262 2754 351 2794 pinae
377 2754 458 2786 urbe
482 2755 662 2794 Antonius,
688 2754 832 2786 Caesaris
857 2758 958 2785 testa-

1017 1959 1131 1985 mento
1160 1956 1336 1994 praelatum
1362 1955 1425 1985 sibi
1453 1955 1634 1986 Octavium
1661 1954 1713 1986 fu-

1017 2013 1108 2043 rens,
1126 2005 1306 2035 Decimum
1324 2005 1466 2036 Brutum
1484 2006 1551 2036 suis
1565 2005 1712 2036 motibus

1016 2055 1228 2085 resistentem
1252 2055 1442 2086 obsidebat.
1490 2055 1589 2085 Illum
1606 2055 1713 2087 Octa-

1017 2105 1088 2134 vius
1112 2105 1281 2144 liberavit,
1308 2110 1409 2146 atque
1426 2104 1612 2136 Antonium
1639 2114 1712 2136 cas-

1014 2155 1074 2185 tris
1091 2155 1194 2186 exuit.

1057 2205 1238 2245 lersalia]
1278 2206 1462 2247 Postquam
1501 2205 1647 2236 animum
1677 2205 1710 2236 in

1013 2261 1127 2295 partes
1143 2266 1258 2287 omnes
1283 2256 1423 2293 versavi,
1450 2255 1646 2295 nihillaliud
1665 2256 1710 2286 vi-

1012 2305 1092 2335 dere
1124 2316 1176 2336 me
1204 2307 1266 2336 hoc
1297 2307 1330 2336 in
1358 2307 1433 2337 loco
1459 2304 1580 2345 fateor,
1609 2314 1709 2345 quam

1012 2365 1159 2386 errorem
1182 2366 1298 2386 eorum
1324 2362 1498 2387 auctorum
1522 2355 1579 2396 qui
1605 2354 1711 2385 Phar-

1011 2407 1112 2436 salum
1126 2407 1307 2437 Thessalia>
1323 2410 1453 2443 urbem,
1469 2405 1524 2436 ubi
1541 2406 1710 2436 Caesarem

1012 2455 1100 2486 inter
1117 2461 1152 2486 et
1168 2456 1368 2494 Pompeium
1396 2455 1627 2496 depugnatum
1643 2459 1708 2495 est,

1012 2515 1086 2536 cum
1102 2506 1267 2545 Philippis
1278 2507 1442 2543 'Plu-aciae‚
1457 2506 1513 2536 ubi
1530 2505 1610 2537 victi
1625 2506 1710 2536 Bru-

1013 2561 1065 2586 tus
1082 2561 1116 2586 et
1129 2556 1263 2586 Cassius
1280 2556 1322 2585 ab
1335 2555 1482 2586 Octavio
1495 2560 1531 2585 et
1547 2554 1710 2593 Antonio,

1011 2604 1256 2642 confuderuut3
1280 2605 1355 2642 nisi,
1377 2612 1411 2634 ut
1436 2603 1619 2645 Poetarum
1635 2614 1707 2636 mos

1012 2660 1075 2693 est,
1092 2654 1212 2693 vicma,
1230 2655 1282 2685 vel
1299 2655 1449 2694 ejusdem
1466 2654 1602 2685 ditionis
1617 2655 1707 2693 loca,

1012 2715 1073 2746 pro
1098 2705 1216 2736 iisdem
1242 2715 1414 2746 usurpare,
1440 2706 1492 2736 hic
1519 2705 1708 2745 promiscue

1011 2755 1209 2787 Pharsalum
1226 2760 1328 2797 atque
1354 2755 1543 2796 Philippos,
1557 2763 1634 2797 quae
1651 2763 1705 2785 ur-
