1773 3121
592 224 858 255 FAS'I'ORUM
892 224 986 253 LIB.
1020 225 1091 254 111.

1461 218 1575 262 :2003

111 313 292 370 Quique
312 330 463 359 moves
483 317 659 366 coelum,
679 318 963 370 tabulamque
985 318 1206 362 coloribus
1226 322 1332 372 uris,

168 383 348 438 Quique
367 384 478 425 sacis
499 383 631 425 docta
651 385 802 427 mollia
819 398 931 426 saxa
948 399 1092 429 manu.

109 451 235 493 Mille
255 453 354 493 Dea
373 455 439 492 est
457 465 637 505 operum
654 466 664 493 :
696 457 811 494 certe
832 453 934 495 Dea
955 456 1162 497 carminis
1182 457 1261 499 illa
1282 461 1363 499 est.

167 519 216 561 Si
235 532 414 569 mereor,
437 519 596 560 studiis
618 520 735 562 adsit
754 523 899 562 amica
919 522 1048 563 meis.

108 585 279 628 Coelius
298 600 354 628 ex
375 587 465 628 alto
487 600 578 640 qua
600 601 726 629 mons
744 588 978 631 descendit
999 590 1046 630 in
1069 603 1263 644 aequum,

1488 591 1553 633 gb)

1550 594 1573 633 Q!

164 653 256 695 Hic
279 655 354 695 ubi
375 667 462 695 non
485 656 622 708 plana
643 661 724 706 est,
748 656 824 697 sed
845 669 984 710 prope
1003 657 1134 710 plana
1154 659 1229 700 via
1250 661 1342 709 est3

106 721 253 762 Parva
272 721 375 762 licet
393 722 549 764 videas
571 722 730 777 Captae
752 723 935 765 delubra
958 723 1192 778 Minervae,

161 788 276 840 Quae
299 790 399 831 Dea
417 791 552 832 natali
575 792 718 845 coepit
737 792 900 834 habere
921 805 1022 834 suo.

104 856 312 898 Nominis
328 859 376 898 in
398 858 532 900 dubio
552 872 690 900 causa
709 863 792 901 est.

855 859 1058 913 Capitale
1079 872 1291 902 vocamus

160 924 385 978 Ingenium
407 927 544 967 solers
562 941 571 968 :
604 928 836 980 ingeniosa
856 928 957 969 Dea
979 931 1079 968 est.¹

1485 929 1569 970 840

102 992 189 1043 An,
213 994 319 1048 quia
340 994 394 1035 de
416 995 579 1048 capitis
600 995 734 1037 fertur
755 996 849 1037 sine
871 999 1009 1036 matre
1031 996 1203 1049 paterni

158 1060 336 1103 Vertice
356 1076 455 1104 cum
476 1063 637 1117 clypeo
658 1065 920 1118 prosiluisse
940 1077 1020 1105 suo
1037 1065 1054 1104 Τ

99 1158 203 1200 Tuque
218 1159 271 1200 qui
286 1162 404 1191 tractas
427 1162 547 1200 coelum,
562 1165 654 1202 atque
669 1162 735 1192 uris
751 1163 889 1193 tabulam
905 1162 1068 1201 coloribus,
1084 1162 1195 1202 quique
1212 1162 1315 1192 reddis
1332 1172 1467 1193 marmor
1485 1167 1568 1195 tene-

96 1211 166 1233 rum
187 1202 294 1242 perita
310 1213 414 1233 manu.
460 1204 530 1234 Dea
553 1207 598 1234 est
614 1204 698 1235 mille
714 1214 839 1243 operum
851 1216 860 1234 :
883 1214 957 1235 sune
972 1205 1026 1234 illu
1042 1208 1088 1235 est
1104 1205 1175 1234 Deu
1200 1214 1353 1235 versuum.
1400 1205 1436 1235 Si
1451 1206 1568 1245 dignus

94 1254 173 1285 suni,
187 1244 270 1275 adsit
283 1245 423 1284 propitia
440 1246 516 1276 meis
530 1246 655 1277 studiis.
700 1246 790 1277 Licet
805 1256 914 1277 cernas
934 1256 1033 1286 parva
1050 1247 1164 1286 templa
1190 1247 1343 1277 Μένωνι-ω
1361 1248 1484 1288 Cuptoe,
1499 1260 1567 1288 quoe

96 1287 170 1318 Dea
185 1287 276 1326 coepit
291 1288 404 1318 luthere
426 1297 479 1318 suo
494 1289 607 1327 natali,
622 1298 682 1329 qua
709 1298 794 1320 mons
820 1290 938 1320 Coezius
953 1290 1110 1320 descendit
1127 1299 1166 1320 ex
1181 1289 1300 1320 excelso
1316 1290 1349 1320 in
1361 1290 1501 1330 planum,
1516 1292 1568 1322 Ιιίσ

92 1329 147 1360 ubi
162 1330 213 1360 m'a
228 1338 289 1360 uon
312 1332 357 1360 est
380 1338 481 1370 oequa,
506 1332 559 1361 sed
574 1334 620 1362 est
645 1341 740 1372 prope
762 1342 858 1372 (equa.
911 1333 1017 1364 Causa
1032 1333 1167 1364 nominis
1183 1335 1229 1363 est
1244 1333 1377 1363 incerta.
1422 1335 1569 1374 Appella-

91 1381 160 1403 mus
173 1373 335 1412 ingenium
346 1372 492 1404 callidum
506 1374 670 1413 Capitale:
696 1375 766 1406 Dea
778 1379 823 1406 est
834 1376 1011 1415 ingeniosa.
1035 1375 1101 1414 An,
1117 1376 1189 1415 quia
1204 1376 1319 1406 dicitur
1333 1377 1489 1416 prodiisse
1497 1386 1567 1408 cum

89 1424 203 1456 parma
217 1425 273 1446 sua
288 1417 326 1446 de
346 1417 464 1447 vertice
490 1417 604 1457 capitis
628 1418 755 1458 putei-ni
780 1419 847 1449 sine
862 1421 963 1449 matre
976 1417 992 1450 ί)
1039 1420 1101 1458 An,
1118 1419 1190 1458 quin
1206 1419 1290 1449 venie
1307 1420 1347 1449 ad
1362 1428 1416 1450 nos
1430 1420 1567 1461 captiva,

715 1503 952 1516 eeeeeeeeeee

94 1553 212 1585 mallet
237 1554 312 1586 disc.
339 1555 478 1587 attrahet
506 1557 658 1590 iu.-—831
685 1558 754 1589 Pro
779 1559 886 1590 coelum
910 1558 1106 1600 pignorius‚
1137 1558 1179 1590 de
1203 1558 1317 1589 Servis
1335 1568 1369 1598 p.
1390 1561 1463 1590 175.
1479 1559 1566 1591 dicit

93 1596 265 1638 quendam
282 1598 396 1638 legere
421 1603 586 1637 caestrum;
618 1601 678 1632 sed
705 1601 778 1641 ipse
819 1602 899 1632 nihil
931 1607 1052 1633 mutat.
1077 1603 1184 1633 Burm.
1203 1602 1293 1632 Maz.
1325 1602 1417 1632 color.
1446 1602 1565 1642 imples.

92 1642 199 1671 -834
224 1641 280 1670 Fr.
293 1642 374 1672 stud.
389 1641 470 1672 absit
486 1643 578 1673 aniic.
593 1654 603 1679 ;
628 1654 688 1684 pro
708 1654 778 1676 var.
794 1644 942 1676 lectione
957 1646 1152 1676 assim—835
1178 1645 1238 1675 Pr.
1256 1644 1296 1675 A.
1313 1645 1405 1675 Maz.
1419 1645 1518 1677 Voss.
1531 1650 1567 1678 et

94 1686 165 1713 tres
179 1682 234 1713 alii
250 1684 283 1714 in
299 1694 407 1723 oequa:
432 1685 463 1715 in
489 1685 608 1717 eodem
637 1687 728 1718 Maz.
757 1692 792 1717 et
820 1688 861 1718 0.
880 1697 940 1728 pro
967 1698 1034 1719 var.
1052 1688 1133 1718 lect.
1150 1697 1272 1727 oequor:
1297 1687 1346 1718 sic
1373 1693 1408 1719 et
1433 1688 1564 1719 Zulich.

93 1725 219 1757 Forsan
237 1732 354 1757 recte:
378 1737 484 1767 aequor·
500 1729 588 1760 enim
603 1729 727 1761 dicitur
744 1730 851 1761 omnis
869 1730 1029 1771 planities
1047 1730 1089 1761 ab
1111 1730 1332 1771 aequalitate;
1355 1730 1444 1761 uude
1461 1741 1564 1771 (equor

92 1777 156 1809 pro
177 1769 299 1810 dmpo
315 1779 407 1810 saepe
430 1771 568 1811 ponitur
583 1773 673 1813 apud
692 1772 824 1813 poetas.
869 1774 926 1804 Sic
951 1779 988 1805 et
1013 1774 1144 1804 variant
1168 1773 1276 1804 Codd.
1292 1773 1332 1804 ad
1350 1773 1426 1804 AEn.
1441 1782 1492 1806 ix.
1509 1776 1563 1806 68.

765 1845 906 1879 NOTAE

91 1915 170 1938 meu
184 1907 286 1939 etiam
304 1909 365 1940 sub
380 1909 531 1940 Palladis
549 1910 671 1941 tutela.

135 1961 199 1991 82⁹
223 1960 315 2000 Feri]
339 1961 399 1992 Uti
421 1961 557 2002 quidem
585 1973 605 1994 a
628 1963 802 1995 dissolutis

92 2009 207 2041 vocari
230 2010 339 2041 solent
367 2011 557 2052 discipulis.
597 2014 801 2055 Quanquam

91 2065 127 2092 et
140 2065 237 2092 certe
262 2060 326 2092 feri
348 2063 446 2093 multi
475 2064 736 2104 conspiciuntur
751 2065 800 2097 di-

92 2109 232 2143 dascali.

103 2162 109 2167 ’
135 2161 253 2203 Censu]
265 2163 434 2195 Minerval
454 2164 622 2206 intellige,
635 2175 693 2197 seu
711 2176 799 2198 mer-

88 2211 207 2244 cedem
225 2223 326 2255 quam
343 2214 515 2255 magistris
543 2216 612 2247 suis
634 2216 726 2247 soliti
742 2225 800 2247 ex-

90 2263 222 2296 solvere
234 2263 390 2305 discipuli
403 2265 466 2297 hoc
481 2275 595 2297 mense
607 2277 616 2305 ;
628 2267 691 2297 nisi
708 2266 800 2300 forte

90 2314 196 2356 magis
215 2315 304 2347 ludis
322 2321 357 2347 et
374 2315 525 2347 bellariis
554 2327 574 2347 a
601 2318 800 2358 parentibus

91 2363 172 2397 data
188 2366 360 2408 stipendia
373 2367 586 2398 destinarent
602 2378 609 2398 :
627 2378 732 2409 quare
751 2374 799 2408 et,

89 2415 248 2458 deceptis
261 2417 339 2458 illis,
355 2417 397 2449 ad
414 2418 545 2450 scholas
563 2423 655 2449 metu
679 2423 714 2450 et
738 2429 800 2461 pu-

91 2465 171 2498 dore
186 2473 306 2509 postea
323 2469 491 2501 accedere
505 2480 571 2501 non
589 2469 774 2502 audebant.

131 2520 195 2550 8³0
215 2519 332 2561 Nouos]
350 2520 489 2552 Illorum
508 2522 583 2553 loco
600 2521 656 2563 qui
675 2522 798 2554 scholis

91 2576 152 2609 per
167 2569 341 2603 lasciviam
355 2572 604 2604 valedixerunt.

133 2621 195 2651 8³1
236 2622 369 2664 Coelum]
433 2623 705 2656 Instrumentum
744 2629 797 2657 est

95 2669 315 2709 sculptorum.

140 2718 298 2772 solaribus
323 2722 403 2762 uria]
427 2723 483 2755 De
513 2725 719 2758 Encaustice
750 2726 796 2758 lo-

93 2770 231 2809 quitur:
270 2778 370 2811 quam
402 2777 512 2807 artem
546 2775 690 2809 dicimus
714 2776 796 2809 Gal-

857 1911 921 1943 lice
938 1921 1115 1952 exercere,
1128 1912 1292 1943 travailler
1307 1922 1344 1943 cn
1359 1911 1462 1944 έηιαίἰ.

899 1965 963 1994 832
988 1962 1116 2003 Mollia]
1144 1963 1264 1993 Mollia
1291 1962 1452 1994 dicuntur
1478 1971 1564 1994 mar-

855 2022 949 2044 mora
965 2013 1099 2055 quando
1117 2023 1136 2043 a
1153 2013 1382 2044 marmorariis
1410 2023 1469 2044 seu
1497 2019 1564 2045 sta-

855 2064 976 2095 tuariis
990 2069 1088 2096 tanta
1105 2070 1180 2096 arte
1199 2065 1381 2104 caelantur,
1399 2069 1435 2096 ut
1453 2065 1564 2105 posita

854 2114 972 2146 innata
996 2114 1122 2146 duritie
1144 2116 1239 2157 quasi
1255 2114 1348 2147 flecti
1370 2120 1406 2146 et
1433 2116 1562 2148 moveri

855 2164 1048 2196 videantur.

897 2218 960 2247 835
987 2216 1117 2257 Coelius]
1144 2216 1241 2248 Unus
1270 2216 1335 2249 fuit
1360 2226 1403 2248 ex
1429 2221 1561 2258 septem

855 2267 959 2298 Urbis
976 2268 1160 2308 montibus,
1178 2268 1219 2299 ad
1236 2269 1333 2310 cujus
1360 2269 1505 2305 radices,
1523 2273 1562 2300 ut

854 2322 952 2358 patet
982 2328 1025 2348 ex
1060 2319 1177 2350 Poetae
1208 2319 1453 2360 descriptione,
1481 2318 1562 2350 aedi·

854 2369 930 2401 cula
945 2368 1010 2400 fuit
1026 2369 1206 2400 Minervam

897 2422 960 2451 838
986 2420 1111 2459 Natali]
1135 2421 1212 2452 Non
1226 2429 1292 2461 quo
1308 2419 1350 2450 ab
1367 2419 1464 2450 initio
1480 2422 1561 2450 nata

854 2476 928 2510 est;
952 2471 1154 2502 sedunensis
1173 2472 1291 2503 Martii
1319 2472 1432 2510 simili,
1456 2476 1559 2514 atque

853 2522 939 2553 adeo
956 2523 1029 2563 ipso
1044 2522 1098 2553 die
1116 2523 1223 2562 primo
1241 2522 1528 2563 Quinquatruum.

896 2575 960 2603 839
986 2573 1145 2613 Nominis]
1171 2574 1318 2613 Capitur,
1334 2573 1406 2606 scil.

897 2624 1059 2665 Capitale]
1093 2625 1143 2655 Eo
1175 2634 1275 2655 ‘ensu
1301 2624 1389 2656 dixit
1416 2623 1558 2663 Tullius,

851 2674 860 2691 ‘
876 2674 1011 2706 Siculus
1041 2675 1098 2705 ille
1126 2675 1297 2716 capitalia,
1321 2674 1454 2710 creber,
1480 2681 1558 2703 aeu-

852 2724 931 2764 tus,'
947 2727 1014 2756 διε.

895 2779 956 2809 841
982 2775 1135 2816 Paterni]
1157 2774 1268 2815 hvis,
1284 2773 1428 2812 scilicet,
1442 2783 1485 2806 ex
1500 2783 1556 2806 cu-
