1773 3121
237 240 352 283 1636
724 252 766 280 r.
799 251 957 281 or1ni1
992 250 1207 283 NAsonis

237 347 340 390 Non
358 349 465 389 bene
486 347 719 389 discidium
741 347 919 402 Phrygii
939 349 1081 391 latura
1101 348 1259 398 mariti,

238 416 419 457 Sidonis
436 429 445 456 :
476 415 608 468 inque
628 429 753 469 pyra,
777 417 891 456 sacri
911 418 993 457 sub
1015 417 1206 469 imagine
1226 416 1359 466 sacta,

236 483 445 524 Incubuit
464 482 601 534 ferr03
639 483 917 537 deceptaque
941 484 1112 537 decipit
1131 497 1295 525 omnes.

238 550 413 591 Rursus
431 563 625 591 arenosae
648 551 816 603 fugiens
839 565 954 593 nova
974 553 1139 594 moenia
1161 556 1303 601 terrae,

235 616 307 657 Ad
329 613 565 671 sedemque
587 619 755 673 Erycis,
777 619 998 673 fidumque
1018 620 1186 661 relatus
1207 619 1416 668 Acesten,

235 683 481 734 Sacrificat,
504 687 802 738 tumulumque
825 687 893 726 sui
915 687 1122 739 genitoris
1141 687 1340 727 honorat.

237 750 445 805 Quasque
466 757 581 793 rates
603 753 685 793 Iris
704 753 733 793 J
736 755 903 795 unonia
922 767 1053 808 paene
1076 757 1305 802 cremarat,

236 819 400 860 Solvit:
432 823 475 859 et
495 820 771 872 Hippotadae
794 834 989 874 regnum,
1011 826 1234 874 terrasque
1257 818 1418 861 calenti

235 885 408 927 Sulfure
427 886 662 937 fumantes,
685 887 1092 942 Acheloiadumque
1113 888 1316 942 relinquit

1638 416 1697 459 80

232 1025 263 1052 et
278 1022 408 1062 hospicio
424 1023 545 1054 AEnean
558 1034 567 1054 .·
590 1027 680 1064 atque
695 1033 758 1054 sese
774 1023 881 1062 injecit
897 1023 930 1053 in
946 1032 1045 1054 ensem
1069 1033 1160 1063 saper
1175 1033 1250 1061 rogo
1276 1025 1393 1054 structo
1409 1021 1463 1053 sub
1479 1022 1578 1063 specie
1594 1021 1675 1053 sacri
1684 1031 1696 1058 ,·

232 1067 262 1094 et
278 1065 360 1095 elusa
376 1075 478 1096 omnes
490 1066 592 1096 elusit.
640 1067 761 1096 Rursus
784 1068 885 1096 vitans
901 1069 1037 1096 recentes
1051 1075 1154 1096 muros
1176 1068 1270 1096 terroe
1291 1074 1438 1102 arenosoe,
1460 1070 1488 1095 et
1505 1068 1643 1095 revectus
1656 1065 1697 1094 ad

231 1108 316 1137 sedes
334 1108 446 1147 Erycis
461 1111 490 1138 et
497 1108 623 1148 fidelem
641 1109 783 1145 Acesten,
797 1118 919 1138 sacrum
927 1108 1025 1146 facit,
1048 1111 1140 1148 atque
1153 1111 1319 1138 veneratur
1333 1107 1503 1147 sepulcrum
1517 1107 1566 1137 sui
1575 1107 1696 1147 patris.-

232 1151 261 1178 et
277 1150 368 1179 solvit
384 1160 474 1180 naues
488 1160 562 1189 qzms
580 1151 642 1180 Iris
665 1151 802 1181 Jnnonia
823 1161 917 1191 prope
933 1153 1141 1181 cremarerat:
1163 1154 1254 1190 atque
1268 1149 1415 1189 proeterz't
1430 1159 1559 1187 regnam
1575 1149 1698 1189 Hippo-

232 1192 326 1232 tadae,
338 1195 367 1222 et
383 1196 484 1223 terras
503 1193 664 1231 fumantes
688 1193 806 1232 sulfure
827 1194 940 1233 calido,
965 1197 995 1223 et
1019 1196 1124 1224 cautes
1150 1192 1296 1223 Sirenum
1313 1192 1514 1223 Acheloidam
1528 1203 1537 1222 :
1561 1195 1591 1223 et
1606 1191 1697 1222 navis

844 1282 863 1293 θ
867 1282 1076 1294 »θύννου-’φο

233 1345 377 1373 testatur
394 1341 523 1373 Ciofun.
540 1343 630 1383 vulg.
647 1346 760 1374 tamen
776 1343 1040 1373 dissidium—So
1066 1343 1161 1373 Unus
1178 1341 1273 1373 Leid.
1296 1342 1394 1381 imag.
1409 1341 1580 1384 ficti.——81
1605 1341 1697 1373 Octo

232 1385 308 1415 libri
327 1385 570 1422 lncambii'ferr.
595 1386 658 1415 (luo
676 1385 865 1421 Succubuic5
889 1390 922 1415 et
935 1385 1042 1424 gladio
1065 1385 1225 1416 Politian.
1243 1390 1279 1416 et
1296 1395 1380 1415 unus
1396 1385 1517 1415 Heins.
1545 1389 1580 1414 et
1607 1383 1697 1415 A.—

233 1429 272 1457 83
298 1427 436 1466 Sedemq.
453 1437 494 1457 ex
510 1428 544 1459 S.
558 1427 667 1459 Marci
685 1433 719 1458 et
736 1432 879 1469 quatuor
892 1428 965 1458 aliis
984 1428 1113 1467 profert
1129 1428 1251 1459 Heius.
1267 1432 1301 1457 et
1319 1437 1402 1457 unus
1419 1428 1581 1467 sedesque:
1605 1427 1697 1466 vulg.

231 1470 324 1501 sedes.
369 1471 463 1501 Unus
488 1470 530 1500 V.
557 1471 658 1502 etiam
683 1472 769 1502 sedes
797 1471 997 1502 Circes-87
1023 1470 1118 1501 Unus
1145 1470 1241 1503 Med.
1257 1469 1339 1508 Sulf.
1361 1470 1574 1511 flammantes.
1620 1468 1692 1500 Alii

885 1577 1028 1609 NOTAE

1026 1652 1174 1692 Acesten]
1211 1652 1278 1685 Qui
1308 1651 1458 1691 Trojano
1482 1660 1502 1680 a
1529 1648 1692 1690 sanguine

984 1707 1110 1739 cretus,
1132 1711 1195 1742 per
1222 1703 1385 1741 Egestam
1402 1705 1560 1740 matrem,
1588 1705 1695 1742 atque

230 1649 272 1681 ad
305 1650 521 1682 Pithecusam
556 1652 696 1681 insulam
734 1651 931 1690 descendat,

231 1704 333 1741 atquc
351 1701 540 1742 Cercopum
565 1701 858 1741 metamorphosim
874 1701 930 1732 de-

231 1750 368 1781 scribat.

273 1803 314 1830 79
338 1801 410 1831 Non
427 1801 515 1840 benc]
540 1802 696 1842 Namque
724 1802 830 1832 AEnea
855 1812 929 1841 pro-

229 1848 321 1880 fecto
349 1859 423 1880 sese
449 1850 523 1890 ipsa
553 1850 644 1881 Dido
678 1850 798 1880 amoris
826 1850 929 1888 impa-

230 1900 546 1940 tientiajugulavit.

272 1952 313 1980 80
336 1949 477 1989 Sidonis]
502 1948 608 1988 Dido,
625 1948 748 1979 Sidone
765 1948 916 1979 oriunda.

271 1998 377 2038 Sacri]
410 1998 509 2030 Quod
538 1998 688 2039 pluribus
712 1998 929 2039 persequitur

231 2049 331 2080 Maro
348 2049 423 2080 AEn.
440 2058 488 2080 1v.

271 2101 311 2129 81
336 2099 489 2139 Decepta]
520 2097 574 2129 Ab
606 2099 723 2138 AEnea,
751 2099 807 2140 qui
834 2109 928 2139 spem

229 2149 361 2181 fecerat
377 2149 548 2180 firmarum
563 2150 768 2189 nuptiarum.

273 2200 415 2240 Decipit]
441 2200 619 2231 Neminem
646 2209 799 2240 namque,
815 2199 929 2240 nequi-

229 2250 305 2280 dem
325 2249 454 2280 Annam
472 2259 633 2288 sororem,
648 2249 731 2280 fecit
752 2259 818 2279 sure
835 2250 928 2280 necis

230 2301 418 2331 consciam:
443 2302 450 2316 ⁴
471 2301 550 2331 Non
575 2305 684 2330 tumen
714 2299 814 2331 Anna
833 2301 928 2331 novis

228 2355 420 2390 praetexere
447 2349 569 2381 funera
594 2351 697 2381 saeris
723 2351 927 2381 Germanam

228 2400 350 2440 credit,
372 2411 433 2431 nec
451 2406 560 2432 tantos
575 2406 686 2432 mente
700 2400 830 2432 furores
844 2402 929 2432 Con-

226 2449 334 2491 cipit)
363 2451 485 2489 Virgil.

268 2502 310 2531 82
333 2500 495 2540 Areum-11¹]
520 2500 670 2541 Libycae,
691 2501 764 2531 scil.
789 2501 831 2531 de
858 2510 924 2541 qua

225 2551 343 2582 Iarbas
373 2552 463 2592 apud
497 2552 688 2592 Virgilium,
715 2552 758 2583 de
789 2552 922 2583 Didone

224 2602 389 2642 loquens:
414 2603 422 2619 ‘
441 2602 493 2633 cui
510 2602 604 2633 littus
631 2603 792 2633 arandum
818 2603 923 2633 Dedi-

226 2650 320 2682 mus!

269 2704 309 2731 83
335 2702 463 2743 Erycis]
495 2703 562 2736 Qui
590 2713 685 2734 mons
710 2708 761 2735 est
787 2704 924 2743 Sicilia«,

227 2751 268 2781 ab
286 2752 395 2792 Eryce
410 2754 554 2785 Veneris
571 2753 639 2785 filio
657 2755 703 2785 ibi
719 2755 852 2794 sepulto
876 2756 925 2786 sic

225 2802 349 2843 dictus,
364 2803 426 2834 nisi
442 2805 656 2845 Etymologia
672 2808 724 2836 est
741 2804 882 2836 Punica.

983 1752 1133 1784 8020«ae
1152 1752 1328 1790 imperium
1349 1757 1480 1789 tenens,
1504 1760 1602 1790 quam
1619 1751 1693 1791 ipse

983 1802 1197 1837 militiam-at,
1213 1801 1448 1840 benignissime
1465 1806 1567 1831 antea
1580 1799 1692 1841 hospi-

983 1850 1031 1879 tio
1048 1849 1186 1879 AEneam
1205 1854 1404 1888 exceperat.

1026 1901 1066 1929 84
1093 1898 1268 1937 Tamulam]
1294 1899 1449 1938 Namque
1472 1900 1562 1938 patri
1590 1900 1624 1930 in
1641 1899 1692 1931 Si-

983 1948 1061 1978 cilia
1090 1949 1226 1988 sepulto
1266 1948 1389 1979 AEneas
1421 1948 1688 1981 anniversarium

982 2007 1112 2028 sacrum
1139 1998 1359 2036 instituerat3
1394 1998 1425 2027 in
1457 1998 1552 2038 cnjus
1584 1998 1690 2030 etiam

982 2048 1141 2079 honorem
1167 2048 1264 2079 ludos
1288 2048 1432 2088 'si-ojani
1450 2049 1688 2080 celebrarunt:

983 2103 1020 2128 ut
1039 2098 1169 2137 prolixe
1188 2108 1207 2128 a
1224 2098 1367 2128 Marone
1391 2098 1463 2128 hece
1487 2099 1599 2129 onmia
1614 2107 1689 2129 nar-

983 2153 1111 2179 rantur.

1026 2202 1065 2228 {55
1091 2199 1169 2238 Iris]
1195 2200 1280 2230 Qute
1306 2198 1448 2230 Junouis
1476 2197 1596 2229 nuntia
1617 2208 1688 2240 nia-

983 2248 1092 2279 tribus
1108 2249 1265 2288 Trojanis
1290 2249 1409 2287 suasit,
1430 2252 1465 2279 ut
1494 2249 1607 2288 ignem
1628 2258 1687 2279 na-

983 2300 1079 2330 vibus
1106 2300 1299 2339 injicerent,
1326 2310 1368 2331 ne
1398 2300 1542 2331 ulterius
1569 2304 1688 2340 posset

983 2349 1104 2380 AEueas
1132 2351 1302 2390 progredi,
1329 2355 1387 2381 aut
1411 2351 1444 2381 in
1467 2350 1565 2381 Latio
1593 2352 1602 2367 ‘
1619 2342 1688 2381 Ro-

983 2409 1113 2430 manam
1130 2401 1277 2430 condere
1295 2399 1454 2440 gentem!

1021 2453 1061 2479 86
1078 2450 1284 2490 Hippotadoe]
1310 2450 1420 2481 AEolus
1437 2453 1503 2490 est,
1520 2449 1684 2491 Hippotae

976 2499 1111 2540 Trojani
1130 2500 1231 2538 lilius,
1249 2500 1305 2541 qui
1331 2501 1478 2540 optimus
1501 2500 1686 2541 Princeps,

979 2557 1080 2591 atque
1110 2550 1338 2582 Astronomiae
1370 2551 1610 2592 peritissimus,
1649 2551 1684 2581 in

979 2601 1093 2631 llioliis
1126 2601 1242 2632 insulis
1272 2602 1466 2642 imperavit,
1491 2611 1566 2641 quae
1593 2601 1686 2632 inter

979 2651 1127 2681 Siciliam
1156 2656 1255 2691 atque
1287 2651 1424 2681 Italiam
1450 2650 1581 2690 jacent,
1617 2649 1684 2680 alio

980 2702 1112 2732 nomine
1130 2702 1232 2732 diutae
1249 2702 1439 2732 Vulcani-ae.

1022 2751 1149 2791 Terras]
1177 2752 1318 2783 Vulcani
1336 2752 1461 2783 insulas
1477 2751 1575 2783 dicit.

1022 2805 1061 2833 57
1087 2802 1322 2843 Acheloiadum]
1343 2802 1494 2844 Sirenes,
1513 2812 1597 2844 quas
1607 2802 1682 2844 jam
