1773 3121
243 259 354 302 1852
727 270 767 300 P.
800 268 956 298 ovmn
989 267 1200 298 NAsoms

245 364 342 406 Nec
366 364 522 417 gradus
541 367 609 404 est
629 363 739 404 ultra
760 363 923 404 Fabios
943 363 1212 415 cognominis
1233 361 1345 402 ullus
1363 373 1371 400 :

300 431 385 472 Illa
406 431 560 471 domus
577 430 745 471 meritis
767 430 970 471 Maxima
991 430 1110 470 dicta
1130 429 1238 470 suis.

244 498 332 538 Sed
355 502 499 538 tamen
520 497 716 538 humanis
739 496 1008 537 celebrantur
1028 496 1260 536 honoribus
1281 506 1434 535 omnes
1451 506 1461 532 t

301 563 392 604 Hic
413 564 586 604 socium
608 575 775 603 summo
799 576 899 603 cum
919 561 1034 602 Jove
1055 575 1216 602 nomen
1235 561 1382 602 habet.

244 630 403 670 Sancta
422 633 583 671 vocant
601 633 783 682 augusta
804 629 982 670 Patres:
1014 632 1199 682 augusta
1218 631 1436 670 vocantur

299 696 498 749 Templa,
520 695 792 737 sacerdotum
812 696 889 736 rite
910 695 1056 736 dicata
1075 708 1223 736 manu.

245 762 397 816 Hujus
419 767 465 803 et
486 764 709 815 augurium
730 762 946 814 dependet
967 763 1131 814 origine
1152 762 1288 812 verbi,

299 829 357 870 Et
373 829 675 883 quodcumque
697 840 775 868 sua
794 827 968 880 Jupiter
990 832 1119 880 auget
1140 841 1238 881 ope.

1574 418 1578 421 Δ
1605 358 1690 399 605

1609 692 1693 734 610

1581 956 1695 989 Verum

243 1003 346 1030 tamen
375 1009 476 1029 omnes
505 1000 653 1029 tolluntur
682 999 823 1029 laudibus
850 1000 1011 1035 humanis5
1033 1000 1082 1031 hic
1107 1001 1197 1031 habet
1218 1011 1324 1032 nomen
1345 1001 1459 1031 socium
1474 1010 1542 1031 cum
1556 1009 1695 1040 supremo

241 1041 329 1073 Jove.
373 1042 489 1072 Patres
503 1045 610 1072 vocant
634 1045 739 1072 sancta
761 1042 926 1080 Augusta.-
950 1043 1064 1081 templa
1086 1043 1146 1074 rite
1171 1047 1293 1074 sacrata
1316 1053 1407 1074 manu
1431 1043 1624 1073 sacerdotum
1648 1042 1695 1072 di-

243 1086 353 1115 cuntur
367 1085 524 1123 Augusta.
568 1084 746 1123 Augurium
762 1084 868 1124 etiam,
884 1087 914 1115 et
938 1085 1080 1124 quicquid
1094 1086 1223 1125 Jupiter
1242 1088 1334 1126 auget
1350 1085 1467 1117 auxilio
1489 1084 1641 1125 su0‚fluit
1657 1084 1694 1115 ab

242 957 430 996 cognominis
460 958 543 987 ultra
575 956 706 988 Fabios:
737 957 790 987 illa
819 958 925 987 domus
953 958 1108 997 appellata
1135 958 1283 989 IVIaxima
1311 958 1374 989 suis
1399 956 1530 989 meritis.

851 1167 1085 1180 eeeeeeeeeee

244 1213 328 1245 Cod.
363 1215 492 1254 Ursini,
517 1217 613 1246 Voss.
643 1216 774 1248 Zulich.
800 1221 835 1248 et
871 1219 965 1248 multi
992 1218 1050 1248 alii
1081 1221 1112 1249 te
1138 1229 1252 1258 quoque
1281 1218 1354 1258 maj.
1387 1226 1491 1258 quare
1518 1216 1585 1248 fuit
1619 1225 1694 1247 cum

244 1257 361 1287 Heius.
383 1258 561 1297 legendum
587 1263 745 1289 censeret
767 1269 797 1288 se
821 1269 936 1298 quoque
959 1260 1140 1297 maj.—605
1166 1262 1217 1291 Ex
1251 1260 1447 1291 melioribus
1471 1259 1625 1290 omnibus
1643 1268 1695 1290 re-

244 1299 358 1338 posuit
386 1299 506 1330 Heins.
543 1301 627 1331 ultra
667 1300 804 1337 Fabios;
839 1302 930 1341 vulg.
962 1302 1140 1341 legebatur
1173 1302 1212 1332 F.
1253 1311 1370 1342 supra5
1407 1303 1460 1332 Fr.
1490 1311 1585 1341 supra
1610 1301 1697 1332 F.—

243 1343 306 1371 608
331 1341 449 1380 Magno
476 1352 537 1381 pro
560 1352 675 1373 summo
701 1349 845 1383 quatuor
868 1343 976 1374 Codd.
1013 1343 1156 1374 Plurimi
1186 1344 1288 1375 etiam
1314 1345 1349 1374 J.
1381 1353 1492 1374 numen
1518 1342 1696 1374 hab.-609

245 1383 299 1413 Fr.
317 1383 422 1414 Sanct.
452 1387 537 1423 patr.
564 1394 636 1423 aug.
653 1394 718 1414 voc.
745 1389 871 1415 mutato
899 1386 1138 1416 ordine—610
1170 1387 1227 1417 Fr.
1256 1387 1370 1425 Tcmpl.
1401 1385 1568 1416 sacerdotis
1596 1385 1697 1414 rit.—

245 1428 304 1456 611
332 1425 370 1455 In
388 1426 539 1465 plurimis
557 1431 640 1457 vett.
672 1425 780 1456 Codd.
809 1431 844 1456 et
873 1427 906 1456 in
924 1436 974 1466 pr.
990 1427 1112 1457 Venet.
1142 1427 1204 1457 Ed.
1220 1429 1288 1468 dep.
1311 1427 1444 1466 originis
1473 1427 1575 1463 Urbi;
1597 1431 1632 1457 et
1649 1426 1696 1456 sic

244 1467 389 1507 vulgatae
411 1467 554 1499 habent:
580 1467 699 1507 origine
725 1468 810 1499 verbi
840 1473 953 1499 autem
971 1467 1103 1499 Ciofan.
1131 1470 1264 1510 recepit
1288 1479 1331 1500 ex
1346 1470 1447 1500 Statii
1460 1469 1549 1501 libro
1571 1473 1607 1500 et
1622 1468 1695 1499 aliis

900 1565 1039 1597 NOTAE

245 1654 428 1688 cognomen
443 1647 562 1680 habuit
579 1649 756 1681 Corvinus.

287 1701 349 1729 603
374 1699 508 1739 Magne]
531 1699 730 1740 Pompeium
749 1700 943 1740 compellat,

245 1749 300 1788 qui
319 1758 338 1779 a
359 1750 488 1788 magnis
513 1749 613 1780 rebus
631 1750 737 1790 gestis
753 1750 870 1790 Magni
885 1760 942 1781 no-

245 1808 320 1829 rnen
338 1800 535 1839 reportavit.

286 1852 348 1879 604
375 1849 438 1884 Qui
454 1849 499 1889 te]
521 1849 633 1881 Julius
650 1850 780 1890 Caesar,
796 1850 869 1882 scil.
887 1851 942 1891 qui

244 1898 293 1929 rei
316 1899 470 1930 militaris
495 1899 720 1939 experientia,
750 1900 888 1940 virtute,
908 1904 944 1930 et

245 1947 415 1978 felicitate
432 1948 597 1987 Pompeio
614 1948 735 1987 major.

286 1999 346 2027 605
377 1997 483 2036 Ultra]
506 1997 647 2027 Maximi
674 1997 762 2027 enim
789 2007 807 2027 a
824 1998 866 2030 Q.
883 1997 943 2028 Fa-

246 2046 302 2077 bio
334 2046 509 2077 Rutiliano
537 2047 619 2077 illud
644 2057 766 2078 nomen
799 2058 942 2089 accepe-

246 2101 338 2136 runt,
355 2097 397 2127 de
412 2107 478 2137 quo
500 2097 546 2128 sic
563 2098 675 2128 Livius
690 2109 698 2128 :
723 2099 732 2115 ‘
749 2098 886 2139 Fabius,
900 2099 942 2129 si-

246 2147 315 2177 mul
338 2147 530 2177 concordiae
557 2157 671 2186 causa,
692 2148 788 2178 simul
814 2158 856 2178 ne
884 2149 941 2179 hu-

246 2194 460 2225 millimorum
478 2196 510 2225 in
535 2205 632 2226 manu
657 2197 792 2227 comitia
815 2203 941 2237 essent,

246 2253 378 2274 omnem
404 2243 571 2275 forensem
604 2246 736 2276 turbam
766 2252 940 2278 excretam

246 2293 279 2324 in
300 2298 443 2334 quatuor
473 2295 578 2325 tribus
601 2295 760 2335 conjecit,
786 2297 942 2328 urbanas-

246 2351 312 2384 que
340 2353 397 2373 eas
426 2345 633 2383 appellavit:
683 2346 834 2387 adeoque
866 2357 940 2377 eam

247 2403 317 2423 rem
341 2399 516 2434 acceptam
546 2395 650 2434 gratis
676 2396 793 2427 animis
818 2395 942 2437 ferunt,

247 2447 285 2474 ut
306 2444 447 2474 Maximi
474 2455 673 2484 cognomen,
697 2447 785 2486 quod
807 2451 859 2478 tot
876 2448 942 2478 vic-

248 2494 341 2524 toriis
371 2502 436 2523 non
469 2501 661 2534 pepererat,
692 2495 753 2527 hac
786 2497 940 2529 ordinum

246 2543 491 2583 temperatione
510 2545 664 2582 pareret.’

290 2595 352 2623 610
375 2592 587 2632 Sacerdotum]
626 2594 849 2634 Pontifieum3
883 2598 939 2627 Se-

248 2648 346 2673 natus
362 2641 659 2683 Populiquejussu
672 2649 706 2672 et
720 2645 939 2676 auctoritate.

292 2693 384 2734 Rite]
424 2694 614 2724 Secundum
652 2696 942 2736 consuetudinem,

248 2753 312 2784 per
337 2743 478 2783 auguria
500 2744 699 2783 praesertim,
716 2745 871 2784 precibus
893 2748 942 2777 in-

250 2803 361 2836 super¹
376 2792 519 2834 aliisque
535 2792 692 2825 adhibitis
712 2803 787 2835 quae
810 2795 851 2826 ad
868 2805 943 2827 con·

997 1649 1224 1682 secr-ationem
1251 1652 1469 1691 spectarent:
1503 1649 1546 1680 de
1574 1647 1696 1690 quibus

998 1700 1091 1731 alibi.

1039 1753 1100 1781 611
1141 1750 1287 1790 Origine]
1336 1750 1414 1782 Non
1444 1750 1564 1781 melius
1594 1748 1697 1780 credo

997 1799 1096 1840 hujus
1127 1799 1194 1831 loci
1224 1809 1359 1831 sensum
1398 1800 1522 1840 possim
1553 1797 1698 1830 reddere

997 1859 1097 1890 quam
1113 1849 1141 1881 si
1159 1850 1348 1891 Tranquilli
1364 1854 1442 1881 utar
1454 1849 1605 1881 vocibus.
1641 1848 1699 1880 Ita

995 1899 1084 1929 enim
1100 1898 1157 1929 ille
1184 1899 1218 1929 in
1240 1898 1329 1939 Aug.
1347 1909 1422 1939 cap.
1437 1901 1468 1930 7.
1489 1900 1498 1916 ‘
1514 1899 1605 1931 Loca
1619 1898 1698 1929 reli-

997 1948 1104 1987 giosa,
1138 1951 1174 1978 et
1203 1948 1237 1978 in
1265 1948 1385 1988 quibus
1422 1952 1586 1988 augurato
1615 1946 1695 1988 quid

997 2001 1227 2036 consecretur,
1263 2001 1406 2036 augusta
1453 1997 1613 2028 dicuntur
1654 1995 1697 2027 ab

997 2050 1112 2085 auctu,
1128 2047 1182 2076 vel
1208 2045 1251 2076 ab
1277 2047 1387 2077 avium
1413 2053 1510 2086 gestu
1537 2046 1697 2087 gustare!

996 2096 1197 2136 Quanquam
1225 2096 1314 2127 enirn
1336 2096 1379 2127 ab
1402 2099 1495 2127 auctu
1520 2096 1697 2137 augurium

996 2144 1119 2175 deduci
1150 2154 1214 2175 non
1244 2145 1461 2185 crediderim,
1495 2154 1561 2176 non
1588 2145 1697 2176 minus

995 2195 1073 2226 ideo
1091 2195 1173 2236 quid
1197 2195 1259 2226 sibi
1289 2196 1433 2226 voluerit
1465 2196 1557 2227 Naso
1581 2200 1698 2227 noster

995 2245 1210 2285 intelligitur,
1225 2245 1282 2286 qui
1313 2245 1413 2276 modo
1437 2255 1574 2286 scopum
1601 2254 1698 2277 suum

997 2299 1248 2335 assequeretur,
1271 2295 1351 2327 data
1371 2305 1477 2336 opera
1492 2295 1595 2331 etiam
1612 2303 1696 2327 non-

995 2354 1180 2386 nunquam,
1204 2350 1263 2376 aut
1287 2346 1407 2377 saltem
1428 2346 1582 2377 conscius
1607 2354 1697 2380 erra-

996 2395 1066 2433 bat,
1083 2395 1137 2425 vel
1152 2404 1282 2425 errasse
1298 2395 1402 2426 videri
1419 2404 1485 2425 non
1502 2394 1696 2426 verebatur.

995 2444 1135 2475 Scilicet
1156 2444 1207 2474 11ae
1235 2453 1344 2483 voces,
1364 2446 1523 2484 Augustus
1536 2448 1573 2476 et
1585 2445 1696 2483 Augu-

994 2493 1089 2533 rium,
1104 2493 1131 2524 si
1160 2498 1305 2524 mentem
1333 2493 1452 2524 Poe‘tae
1479 2498 1628 2533 spectes,
1651 2492 1695 2524 ab

996 2544 1106 2574 avium
1133 2548 1244 2583 gestu,
1270 2547 1305 2573 et
1328 2547 1429 2573 auctu
1457 2542 1695 2581 deducuntur;

995 2596 1033 2623 ut
1063 2601 1139 2632 quae
1169 2591 1310 2632 augurio
1333 2590 1532 2622 confirmata
1553 2595 1694 2631 augusta

995 2647 1031 2673 et
1047 2647 1147 2673 aucta
1163 2642 1243 2680 sint,
1259 2645 1295 2672 et
1311 2650 1387 2682 quae
1405 2646 1560 2681 augusta,
1581 2645 1694 2681 aucta,

995 2692 1146 2733 augurio,
1172 2691 1302 2731 avibus,
1330 2691 1383 2722 vel
1409 2691 1522 2732 potius
1543 2691 1691 2722 Deorum

995 2747 1080 2775 nutu
1096 2742 1296 2775 confirmata
1308 2751 1382 2775 esse
1394 2741 1639 2783 intelligantur.
