1773 3121
169 231 281 274 1880
653 246 696 277 P.
729 246 888 277 ovim}
924 245 1137 277 NAsoms

168 337 363 381 Exuerat
381 340 580 383 tunicas:
611 342 725 382 uteri
744 343 974 384 manifesta
992 345 1172 393 tumore,

226 407 433 449 Proditur
453 408 619 450 indicio
637 411 843 464 ponderis
863 412 965 464 ipsa
985 411 1067 452 sui.

169 474 252 516 Cui
276 475 388 525 Dea,
410 475 659 530 virgineos,
678 479 853 533 perjura
872 479 1088 533 Lycaoni,
1109 480 1252 519 eoetus

230 541 414 593 Desere,
435 557 514 584 nec
536 548 682 586 castas
703 547 865 600 pollue,
887 547 1017 596 dixit,
1040 558 1194 599 aquaS.

170 608 296 649 Luna
310 623 473 652 novum
494 612 641 654 decies
663 615 868 667 implerat
888 615 1093 656 cornibus
1115 614 1261 655 orbem
1279 624 1289 652 t
1543 610 1628 652 175

227 675 343 727 Quae
364 678 504 720 fuerat
523 681 644 733 virgo
666 681 849 732 credita,
870 688 1010 723 mater
1030 684 1136 722 erat.

168 741 300 784 Laesa
319 744 422 786 furit
441 745 469 785 J
475 759 574 796 uno,
595 747 779 789 formam
798 753 1025 802 mutatque
1046 748 1223 801 puellae.

227 809 348 860 Quid
368 812 515 853 sacis?
546 815 680 855 invito
702 821 878 868 pectore
899 828 1037 868 passa
1054 815 1083 855 J
1088 828 1217 856 ovem
1240 818 1317 855 est.

167 876 318 930 'thue
339 878 443 920 ferae
464 879 576 920 vidit
592 882 741 933 turpes
761 880 807 921 in
826 881 984 934 pellice
1003 882 1150 922 vultus
1168 894 1179 931 ;

226 945 379 998 Hujus
399 947 441 987 in
463 949 696 1001 amplexus
716 948 905 1002 Jupiter,
930 949 1085 1002 inquit,
1106 953 1196 989 eat.
1543 943 1629 986 180

169 1010 285 1052 Ursa
305 1026 383 1066 per
401 1014 592 1056 incultos
615 1017 786 1058 errabat
805 1017 1008 1071 squalida
1027 1020 1215 1067 montes,

226 1077 341 1128 Quae
359 1081 498 1124 fuerat
514 1096 684 1126 summo
704 1099 842 1139 nuper
860 1086 1050 1127 amanda
1067 1085 1097 1126 J
1101 1085 1188 1127 ovi.

169 1144 197 1186 J
202 1158 272 1185 am
293 1148 376 1188 tria
395 1149 530 1191 lustra
549 1165 662 1204 puer
680 1152 796 1193 furto
818 1156 1059 1206 conceptus
1080 1153 1262 1204 agebat3

227 1212 340 1253 Cum
361 1219 498 1256 mater
517 1222 622 1258 nato
643 1222 713 1258 est
731 1220 863 1259 obvia
882 1219 1001 1260 facta
1021 1231 1118 1259 suo.

166 1338 284 1369 indicia
308 1339 400 1370 lentoe
425 1350 531 1372 moroe.
576 1341 729 1372 Posuerat
753 1342 898 1380 tunicas;
919 1343 986 1384 ipsa
1011 1343 1178 1381 manifesta
1207 1345 1325 1373 tumore
1347 1340 1467 1372 ventris
1486 1339 1631 1380 proditur

167 1381 284 1412 indicio
298 1383 346 1412 sui
367 1383 480 1414 oneris.
526 1383 586 1414 Cui
609 1384 681 1414 Dea
705 1385 821 1424 inquit,
844 1387 970 1425 perjura
993 1386 1142 1426 Lycaoni,
1167 1386 1305 1426 relinque
1330 1384 1436 1415 choros
1463 1384 1631 1423 virg-ineos,

167 1434 262 1464 neque
278 1424 405 1464 inquina
420 1434 516 1464 aquas
531 1429 644 1456 castas.
690 1427 782 1457 Luna
804 1428 986 1467 impleverat
1011 1428 1111 1458 decies
1126 1438 1236 1458 novum
1251 1427 1353 1458 orbem
1377 1425 1536 1457 cornibus:
1559 1436 1630 1466 quae

161 1466 273 1504 suerat
287 1467 372 1497 dicta
383 1467 486 1506 virgo,
500 1471 568 1498 erat
577 1468 733 1507 genitrix.
777 1470 862 1500 Juno
877 1469 994 1510 offensa
1006 1470 1106 1509 soevit,
1118 1472 1211 1509 atque
1221 1470 1374 1508 deformat
1378 1467 1497 1506 faciem
1508 1468 1630 1508 puelloe.

170 1510 255 1543 Quid
270 1510 339 1547 agis
350 1507 366 1539 ¹!
384 1519 478 1550 passu
493 1513 540 1541 est
552 1512 662 1541 Jovem
674 1512 764 1542 corde
775 1516 982 1552 repugnante.
1030 1513 1075 1543 Et
1084 1515 1248 1553 postquam
1261 1510 1504 1552 uspeaeitfoedam
1512 1509 1632 1548 faciem

160 1551 243 1589 ferse
259 1551 290 1581 z'n
304 1552 423 1592 pellice,
448 1553 588 1593 Jupiter,
611 1553 671 1592 ait,
693 1554 799 1585 veniat
824 1555 859 1585 in
884 1556 1043 1596 amplexus
1059 1555 1160 1594 hujus.
1210 1555 1302 1593 Ursa,
1325 1564 1394 1594 quae
1410 1553 1521 1592 fuerat
1534 1560 1632 1592 nuper

168 1595 298 1624 amanda
312 1604 451 1635 supremo
466 1595 553 1635 Jouz‘,
568 1596 741 1635 vagabatur
750 1598 892 1638 squalida
914 1607 972 1638 per
985 1598 1122 1639 hispidos
1131 1598 1231 1629 colles.
1275 1599 1361 1629 Puer
1373 1596 1501 1637 genitus
1505 1593 1631 1634 furtivo

168 1636 328 1667 concubitu
334 1638 405 1676 jam
419 1638 532 1678 agebat
548 1639 613 1670 triu
627 1640 739 1681 lustra,
765 1650 833 1671 cum
844 1651 959 1682 parens
973 1641 1108 1672 occurrit
1113 1641 1188 1683 filio
1202 1651 1265 1672 suo.
1311 1640 1373 1671 Illa
1387 1639 1508 1680 quidem
1519 1639 1630 1669 insana

779 1721 1015 1732 eeeeeeeeeeee

170 1768 230 1796 171
257 1766 311 1797 Fr.
328 1767 495 1799 Extulerat
512 1771 579 1800 tun.
597 1773 633 1800 et
647 1770 794 1801 Exuernt
810 1779 873 1810 pro
890 1770 982 1810 vulg.
996 1771 1185 1802 lect.—172
1207 1771 1287 1802 Duo
1303 1770 1346 1801 V.
1363 1769 1417 1801 illa
1433 1778 1494 1810 pro
1506 1767 1630 1809 ipsa.—

168 1811 274 1839 -174
301 1809 392 1841 Octo
409 1811 487 1842 libri
512 1821 568 1843 nec
593 1822 701 1843 sacras
724 1814 904 1853 pou—175
931 1813 1022 1845 Mor.
1039 1815 1105 1846 dec.
1131 1814 1296 1854 complerat
1311 1813 1502 1844 com—177
1529 1811 1571 1842 Iu
1587 1810 1629 1843 P.

170 1856 245 1882 erat
262 1853 299 1882 J.
314 1853 569 1892 mutaturforma
581 1855 675 1895 puell.
691 1855 747 1886 alii
765 1859 869 1887 mutat
881 1855 1098 1897 formamque:
1120 1856 1239 1887 Burm.
1255 1856 1344 1897 conj.
1353 1854 1492 1894 formam
1507 1856 1631 1886 mutare

165 1896 369 1933 μάλ-178
392 1896 471 1928 Jun.
486 1896 556 1935 suc.
567 1897 667 1928 inviso
687 1901 769 1938 pect.
785 1898 883 1931 Voss.
898 1898 1025 1930 invicto.
1050 1899 1140 1930 Dein
1153 1908 1213 1929 sex
1229 1898 1350 1939 scripti
1365 1906 1489 1938 corpore
1499 1906 1630 1936 pass.—

169 1939 230 1967 179
255 1938 452 1970 Pembrocii
479 1940 567 1971 liber
584 1940 659 1979 th.
680 1939 773 1978 feras
797 1941 862 1971 vid.
880 1940 1003 1972 Heins.
1027 1942 1126 1972 malit
1147 1940 1247 1978 fera‚·
1271 1941 1292 1971 i.
1307 1950 1337 1971 e.
1355 1939 1430 1970 fera
1445 1938 1628 1979 pellice.—

170 1982 232 2010 182
255 1981 399 2012 Amenda
424 1981 545 2014 Heius.
569 1982 667 2013 dedit
687 1991 730 2013 ex
753 1982 836 2014 Vos.
853 1981 986 2015 Arund.
1013 1984 1103 2014 Maz.
1129 1990 1164 2014 et
1180 1982 1311 2014 Zulich.
1327 1991 1390 2023 pro
1407 1981 1498 2022 vulg.
1510 1983 1628 2012 amata.

827 2078 970 2111 NOTAE

214 2154 274 2182 168
296 2150 400 2191 Falso]
417 2151 507 2185 Quia
523 2162 590 2184 non
601 2153 674 2194 jam
687 2154 780 2195 virgo
795 2158 868 2186 erat
967 2157 1030 2186 179
1054 2153 1161 2194 Ferae]
1189 2153 1299 2191 Ursae,
1317 2152 1459 2186 scilicet.

170 2201 320 2232 Callisto·
966 2204 1096 2245 Pelliee]
1129 2204 1282 2236 Callisto.

212 2256 273 2284 172
297 2252 467 2293 ponderis]
495 2254 548 2284 Ex
577 2264 643 2296 quo
670 2261 790 2287 venter
816 2260 866 2287 tu-
967 2258 1028 2287 183
1053 2255 1147 2295 Tria]
1180 2253 1386 2288 Quindecim
1411 2262 1514 2284 annos
1527 2256 1627 2285 natus

168 2303 294 2335 mebat.
923 2310 998 2337 erat
1013 2304 1133 2344 Arcam,
1150 2309 1188 2336 ut
1202 2314 1245 2335 ex
1262 2314 1299 2335 re
1315 2304 1389 2344 ipsa
1401 2308 1504 2344 atque
1519 2303 1628 2334 diser-

215 2357 274 2385 1⁷3
298 2355 451 2395 Lycaoni]
476 2355 642 2396 Lycaonis
656 2355 738 2387 filia.
924 2355 967 2386 tis
976 2354 1112 2386 aliunde
1126 2354 1244 2395 petitis
1257 2353 1370 2385 verbis
1380 2353 1509 2394 liquet:
1525 2352 1629 2384 adeo-

214 2409 273 2436 175
299 2406 403 2447 Luna]
429 2407 471 2438 Id
497 2412 561 2449 est,
587 2414 709 2440 exacto
736 2408 869 2441 decimo
924 2414 991 2446 que
1013 2405 1155 2436 lustrum
1183 2404 1278 2435 Naso
1294 2413 1356 2443 pro
1372 2404 1519 2444 quinque
1532 2402 1628 2434 anuis

169 2465 285 2488 mense
302 2458 439 2489 Lunari.
924 2455 1037 2496 posuit
1052 2455 1106 2486 hic
1127 2463 1272 2495 quoque,
1286 2458 1324 2484 ut
1345 2457 1381 2484 et
1403 2452 1503 2491 alibi;
1525 2460 1627 2493 quan-

213 2510 272 2540 177
296 2508 402 2548 Laesa]
445 2507 534 2541 Quia
546 2519 623 2541 cum
641 2509 782 2542 Callisto
798 2520 869 2542 rem
925 2517 1025 2548 quam
1048 2516 1090 2537 ex
1105 2505 1279 2536 sententia
1299 2505 1538 2544 plerorumque
1555 2503 1628 2535 lite·

168 2558 332 2590 habuerat
346 2558 496 2599 Jupiter.
925 2562 1074 2589 ratorum
1097 2561 1242 2597 quatuor
1262 2559 1395 2585 tantum
1410 2554 1630 2595 comprehen-

213 2608 339 2649 Mutat]
364 2609 406 2639 In
421 2610 542 2641 Ursam
556 2608 774 2642 deformavit.
926 2608 995 2640 dat.
1041 2607 1166 2637 Verum
1183 2605 1225 2636 de
1242 2605 1305 2636 hac
1328 2605 1388 2636 lite
1411 2604 1627 2646 dictumjam

214 2662 276 2691 178
301 2658 492 2700 Quidfacis]
517 2660 632 2692 Verba
645 2665 724 2691 sunt
738 2660 869 2699 Poetae,
924 2659 958 2690 in
976 2656 1262 2699 praecedentibus,
1279 2655 1367 2697 quod
1384 2655 1428 2686 sit
1443 2655 1538 2686 satis.

169 2709 378 2750 indignantis
405 2709 496 2750 quod
517 2709 551 2740 in
567 2709 787 2742 Callistonem
809 2710 868 2742 im·
968 2707 1065 2748 Puer]
1093 2707 1212 2747 Arcas,
1227 2706 1282 2747 qui
1307 2715 1350 2736 ex
1376 2704 1506 2738 furtivo
1526 2705 1624 2738 Jovis

169 2760 324 2792 meritam
342 2761 461 2792 saeviat
473 2760 495 2793 J
499 2769 575 2792 uno.
924 2768 1001 2791 cum
1017 2758 1204 2792 Callistone
1220 2765 1404 2799 congressu
1416 2760 1626 2798 procreatum

215 2809 334 2850 Invito]
360 2809 528 2853 Adeoque
544 2810 726 2844 innocenti.

548 2973 564 2983 ι.
