1773 3121
576 193 839 226 FAs'ronum
877 195 973 227 mu.
1006 194 1071 227 vi.
1436 189 1551 234 2145

93 277 251 329 Prisca
272 287 371 330 Dea
387 291 477 339 est;
507 287 723 340 aliturque
744 288 874 337 cibis„
895 289 1058 341 quibus
1081 295 1180 333 ante
1202 291 1371 334 solebat
1389 307 1397 334 :

152 355 249 396 Nec
271 356 383 409 petit
400 354 566 396 ascitas
585 354 818 395 luxuriosa
838 354 991 408 dapes.

92 420 241 463 Piscis
262 422 402 463 adhuc
423 421 485 462 illi
505 420 672 474 populo
690 420 783 460 sine
797 420 951 462 fraude
970 425 1149 466 natabat
1165 439 1177 477 ;

151 488 391 542 Ostreaque
410 489 456 528 in
475 487 654 528 conchis
674 491 768 528 tuta
787 487 908 529 fuere
929 490 1022 531 suis
1039 505 1049 532 τ

91 555 190 598 Nec
209 557 384 598 Latium
403 558 540 604 norat,
563 567 694 608 quam
715 556 882 609 praebet
902 555 1029 598 Ionia
1048 557 1187 609 dives,
1462 563 1547 605 175

147 623 246 665 Nec
267 636 368 678 quae
391 622 603 676 Pygmaeo
624 623 836 676 sanguine
857 624 1036 676 gaudet,
1058 639 1198 667 avem.

89 691 147 733 Et
164 694 325 745 praeter
343 703 512 744 pennas
532 689 639 730 nihil
658 691 702 730 in
721 703 894 744 pavone
915 692 1148 745 placebat:

149 757 191 799 N
193 770 244 799 ec
264 757 397 799 tellus
417 762 576 810 captas
596 758 775 799 miserat
795 762 894 799 ante
916 759 1046 801 feras.

88 823 175 866 Sus
195 824 345 865 eratin
365 824 505 878 pretio
523 838 532 865 ε
564 837 685 866 caesa
705 838 783 865 sue
804 825 920 866 festa
942 826 1158 868 colebant.

143 891 281 932 Terra
298 891 425 932 fabas
445 896 629 942 tantum,
651 892 848 946 duraque
870 892 987 934 farra
1007 893 1155 935 dabat.
1461 897 1544 938 180

87 957 201 1010 Quae
223 958 312 1000 duo
333 959 474 1000 mixta
494 959 625 1000 simul
646 960 786 1000 sextis
807 960 1073 1014 quicumque
1094 960 1308 1004 Kalendis

142 1026 293 1068 Ederit
359 1027 429 1068 uic
449 1026 554 1068 laedi
572 1028 744 1069 viscera
764 1040 897 1081 posse
916 1031 1089 1080 negant.

84 1094 199 1137 Arce
219 1108 276 1149 qu
310 1107 395 1148 que
415 1095 459 1135 in
481 1108 654 1136 summa
672 1095 702 1136 J
706 1096 839 1136 unoni
860 1095 1022 1148 templa
1043 1093 1242 1137 Monetae

140 1162 212 1204 Ex
232 1167 337 1205 voto
359 1166 600 1203 memorant
619 1162 755 1211 facta,
780 1162 982 1210 Camillo,
1005 1164 1096 1202 tuo.

74 1269 191 1309 farre?
213 1271 284 1301 Dea
298 1273 343 1301 est
359 1269 500 1309 antiqua,
517 1272 548 1300 et
564 1269 703 1300 nutritur
718 1268 876 1300 alimentis
890 1267 999 1308 quibus
1011 1267 1103 1308 prius
1124 1272 1320 1300 consueverat
1335 1280 1346 1306 ;
1371 1280 1464 1312 neque
1489 1283 1544 1304 ex.

78 1313 159 1354 petit
173 1313 308 1344 molliter
322 1312 427 1352 epulas
437 1312 620 1351 exquisitas.
666 1311 770 1342 Piscis
782 1310 912 1341 nutabat
927 1311 1026 1341 adhuc
1041 1319 1163 1341 securus
1177 1311 1224 1341 illi
1241 1311 1353 1351 populo
1365 1323 1376 1349 ;
1393 1317 1423 1344 et
1439 1319 1543 1348 ostrea

72 1355 165 1393 suere
181 1359 250 1387 tuta
261 1355 293 1386 in
307 1355 371 1386 suis
395 1354 518 1384 conchis
528 1364 538 1384 .·
560 1363 654 1394 neque
670 1353 796 1384 Latium
811 1356 937 1384 noverat
953 1353 1069 1390 alitem,
1095 1362 1186 1392 quam
1206 1354 1351 1393 opulenta
1367 1355 1457 1387 Ionia
1472 1359 1544 1389 mit-

79 1398 132 1437 m,
146 1407 202 1429 nec
217 1407 283 1439 quoe
297 1397 469 1428 oblectatur
482 1397 633 1435 sanguine
662 1396 821 1435 Pygmaeo.
867 1396 912 1425 Et
927 1395 1008 1426 nihil
1019 1398 1146 1434 gratum
1162 1399 1230 1425 erat
1248 1395 1280 1426 in
1295 1406 1414 1436 pavone
1426 1403 1542 1439 proeter

77 1450 215 1481 pennas;
236 1449 332 1480 neque
356 1439 445 1479 prius
459 1441 544 1468 ter-ru
557 1438 732 1478 proebuerut
742 1437 833 1475 feras
857 1441 975 1478 captas.
1019 1438 1121 1467 Por-cu
1141 1442 1207 1468 erac
1231 1448 1324 1469 cura.-
1348 1440 1542 1474 celebrabant

72 1483 162 1521 festa
175 1492 268 1524 porca
283 1484 430 1513 mactata.
478 1481 578 1511 Tellus
588 1479 745 1520 proebebat
762 1483 884 1511 tantum
892 1479 988 1518 sabas
1001 1483 1032 1510 et
1046 1481 1125 1510 dura
1132 1479 1237 1517 farra.
1284 1481 1362 1515 Quae
1375 1483 1433 1514 duo
1449 1485 1541 1516 simul

79 1525 192 1556 intrita
207 1525 344 1565 quisquis
358 1523 523 1555 comederit
548 1525 645 1554 sextis
668 1523 835 1562 Kalendis,
863 1526 980 1562 negant
1000 1523 1171 1563 praecordia
1188 1532 1276 1562 posse
1290 1523 1362 1555 huic
1374 1528 1540 1567 corrumpi.

80 1568 202 1599 Dicunt
216 1568 311 1599 etium
322 1568 437 1608 templu
448 1566 550 1607 posita
565 1565 685 1597 annoni
701 1567 837 1597 Monetae
852 1566 884 1596 in
899 1575 1043 1606 suprema
1063 1575 1134 1597 arce
1148 1575 1188 1597 ex
1209 1569 1262 1597 tuo
1285 1570 1368 1608 voto,
1395 1568 1539 1602 Camiue.

691 1659 926 1672 eeeeeeeeeeee

76 1729 286 1766 rogae—172
309 1726 437 1757 Tlinan.
458 1729 520 1765 pet.
547 1727 663 1756 accitas
687 1726 752 1756 lux.
778 1730 813 1756 et
838 1726 882 1756 R.
907 1727 1145 1758 adcitum—173
1171 1727 1240 1759 Pro
1257 1728 1304 1758 illi
1319 1729 1372 1759 Fr.
1386 1728 1457 1759 iuo:
1481 1729 1538 1761 alii

77 1770 141 1802 illis
164 1769 304 1810 populis,·
329 1769 381 1799 vel
406 1769 471 1798 illic
491 1769 614 1809 populi.-
639 1768 756 1799 Heins.
780 1768 858 1798 oliui
889 1770 977 1810 conj.
1001 1770 1069 1800 cilis
1091 1771 1316 1810 populi.—l74
1343 1771 1422 1803 Pat.
1441 1772 1539 1803 Ostra

77 1822 189 1853 quoque
214 1812 244 1842 in
265 1811 472 1841 conclu—175
498 1811 587 1841 Mat.
605 1815 640 1841 et
658 1821 716 1841 sex
735 1810 790 1841 alii
807 1821 872 1842 nor.
888 1813 966 1851 quod
980 1812 1076 1852 proeb.
1120 1813 1207 1843 Tum
1224 1814 1278 1844 Sa.
1294 1818 1329 1844 et
1346 1814 1408 1845 Be.
1432 1814 1538 1845 Aonia

77 1856 250 1887 din—176
273 1854 370 1885 Auem
396 1853 516 1884 Heius.
546 1853 677 1894 recepit
700 1863 743 1884 ex
767 1853 882 1884 Ursin.
902 1855 998 1886 Voss.
1022 1864 1087 1885 uno
1115 1854 1154 1886 V.
1180 1860 1216 1886 et
1244 1855 1337 1886 Med.
1359 1866 1420 1896 pro
1445 1857 1537 1897 vulg.

77 1898 261 1928 ‹itis—178
285 1896 353 1927 Pro
378 1898 450 1926 ante
474 1896 561 1926 alter
586 1895 627 1927 P.
655 1905 716 1935 pro
744 1905 815 1926 var.
845 1897 923 1927 lect.
951 1896 1047 1928 dedit
1069 1899 1147 1927 arte.
1194 1898 1308 1928 Burni.
1333 1903 1435 1938 putat
1460 1908 1536 1931 voc.

75 1939 165 1971 tellus
180 1944 374 1978 corruptam
390 1948 476 1978 esse,
499 1947 610 1980 neque
633 1939 761 1979 reliqua
787 1939 930 1970 saniora.
977 1939 1043 1970 Hic
1061 1940 1167 1970 latere
1185 1940 1371 1971 arbitratur
1389 1941 1537 1972 Deliacos

75 1992 178 2023 capos,
199 1981 269 2012 sive
285 1990 424 2021 capones,
447 1983 542 2012 circa
568 1990 651 2021 quos
678 1981 858 2012 maximum
884 1982 998 2012 luxum
1027 1981 1129 2012 fnisse
1153 1982 1196 2013 ad
1221 1982 1358 2014 Petron.
1383 1993 1458 2023 cap.
1482 1986 1536 2015 23.

77 2024 141 2056 viri
155 2023 250 2055 docti
266 2023 511 2055 ostenderunt:
537 2029 635 2064 putat
651 2024 740 2054 enim
763 2022 801 2053 τὸ
822 2024 947 2055 miserat
965 2024 1112 2055 indicare
1134 2024 1177 2055 de
1199 2026 1387 2066 peregrinis
1403 2025 1536 2056 deliciis

74 2067 142 2108 agi.
174 2067 230 2099 sic
246 2067 255 2083 ‘
270 2065 370 2097 India
387 2066 494 2097 mittit
510 2065 615 2097 ebur!
639 2066 766 2105 Georg.
785 2075 808 2097 1.
825 2070 876 2098 57.
911 2068 1026 2100 Quare
1044 2067 1097 2098 hic
1114 2067 1292 2107 legendnm
1310 2068 1451 2108 conjicit
1468 2068 1535 2099 Ncc

76 2109 178 2141 Delus
191 2118 280 2150 capos
295 2109 421 2140 miserat
437 2108 629 2145 anteferam
646 2114 704 2139 aut
719 2109 826 2148 siquis
841 2113 909 2140 arte
926 2110 1019 2147 velit,
1036 2119 1134 2149 posse
1151 2114 1248 2150 putat
1264 2110 1330 2150 legi
1346 2114 1414 2141 arte
1424 2109 1534 2147 serat.

74 2151 197 2184 Heius.
212 2152 302 2192 conj.
328 2150 420 2190 Afra,
444 2152 496 2182 vel
524 2151 722 2182 lnam—1⁷9
746 2151 786 2182 P.
801 2151 881 2189 fest.
897 2152 1064 2183 carebunt:
1086 2152 1204 2183 Burm.
1227 2153 1318 2193 conj.
1338 2152 1534 2184 calebant.—

77 2196 137 2226 180
161 2195 255 2226 Unus
273 2193 368 2226 Med.
393 2194 495 2226 Farra
511 2193 698 2225 dabastane.
719 2193 803 2226 Jun.
830 2194 920 2226 Terr.
936 2194 1032 2233 sabas
1041 2196 1152 2236 populo
1167 2196 1344 2228 dun—183
1369 2195 1533 2235 Neapolis

119 2366 178 2396 173
204 2361 419 2403 Siuesraude]
460 2362 550 2395 Quia
566 2362 690 2394 mensis
707 2372 774 2394 nou
829 2363 1025 2394 munciones
1037 2361 1223 2402 finxerunt,
1238 2371 1321 2403 qnos
1337 2361 1410 2392 aliis
1426 2366 1531 2403 atque

73 2413 335 2447 adhibebantur.
829 2414 903 2445 aliis
920 2413 1001 2445 locis
1024 2413 1146 2454 singuli
1172 2422 1279 2453 prope
1303 2416 1460 2444 auctores
1476 2413 1531 2443 ha·

117 2468 176 2497 175
203 2466 304 2502 Quum
314 2463 448 2506 proebet]
471 2464 662 2504 Attagenes
679 2464 775 2507 dicit,
829 2465 955 2496 bilasse
971 2465 1199 2506 scripserunt:
1225 2469 1262 2495 ut
1287 2463 1340 2494 vel
1360 2463 1437 2495 hinc
1462 2464 1530 2494 nnl-

74 2514 179 2557 quiin
197 2514 294 2546 Ionia
309 2514 674 2556 saporisjucuudioris.
827 2515 893 2546 lam
918 2515 1023 2547 fuisse
1045 2513 1279 2556 hujuscemodi
1301 2519 1436 2555 gentem
1463 2523 1528 2545 non

118 2567 179 2596 176
191 2564 286 2604 Qua]
296 2564 425 2596 Gruem
438 2565 536 2603 dicit,
547 2575 645 2607 quani
657 2565 772 2598 serunt
827 2570 956 2596 temere
972 2565 1147 2606 conjicias.

72 2625 150 2646 cum
177 2615 348 2656 Pygmaei·
372 2615 407 2647 in
431 2621 607 2649 certamen
633 2617 774 2650 descen·
871 2618 929 2648 181
955 2615 1044 2656 Duo]
1075 2615 1212 2648 Pultem
1237 2615 1322 2646 dicit
1349 2612 1525 2644 sabaceani

74 2665 164 2696 dere.
827 2678 903 2700 cum
921 2666 1022 2699 farre.

117 2715 283 2756 ΡΕΙΚΜΦ]
324 2714 502 2755 Pygmaeo.
526 2717 692 2750 cubitales
715 2719 774 2750 lio·
868 2719 992 2762 Sextis]
1033 2718 1141 2760 suun,
1166 2717 1308 2748 scilicet.
1358 2713 1522 2746 Kalendae

160 2769 272 2810 Delph.
288 2773 316 2800 et
334 2769 405 2800 Vur.
423 2769 508 2801 Clas.
757 2772 850 2802 Ociti,
1361 2770 1382 2798 ὓ
1406 2765 1436 2797 U
