1773 3121
562 212 828 243 FASTORUM
861 212 958 242 Lm.
991 212 1057 242 Vl.

87 305 205 347 Haec
222 305 443 347 hominum
456 310 737 346 monumenta
756 310 924 358 patent.

1426 204 1540 246 2147

985 306 1032 347 Si
1054 307 1249 361 quaeritis
1269 311 1407 350 astra:
1453 309 1537 350 195

141 373 267 414 Tunc
290 374 423 414 oritur
443 371 588 423 magni
609 384 782 424 praepes
803 371 976 413 adunca
996 372 1025 413 J
1031 375 1144 414 ovis.

86 439 318 480 Pos'rssm
341 440 356 480 l
390 453 417 479 x
443 437 645 492 HyadaS,
667 437 872 480 Taurinae
894 452 1052 481 cornua
1073 440 1247 491 frontis,

143 505 316 547 Evocat
334 521 344 528 ·
374 511 416 546 et
435 506 570 546 multa
591 511 708 546 terra
729 506 944 546 madescit
965 520 1095 559 aqua.

88 570 244 612 MANE
266 574 339 613 ubi
363 573 428 613 bis
450 572 591 621 suerit,
614 572 896 626 Phoebusque
915 573 1134 616 iteraverit
1155 579 1291 625 ortus,

143 638 373 692 Factaque
394 640 475 680 erit
494 639 640 692 posito
658 652 751 680 rore
769 640 838 680 bis
859 639 947 680 uda
967 652 1115 693 seges3

1458 643 1542 684 200

87 703 191 746 Hac
213 710 356 746 sacrat
401 706 473 746 die
495 707 646 748 Tusco
671 707 853 748 Bellona
876 706 1022 748 duello

144 772 319 813 Dicitur
319 719 384 840 s?
374 777 417 814 et
437 773 567 815 Latio
580 788 803 882 prospera
824 787 994 827 semper
1015 774 1151 816 adest.

84 836 262 893 Appius
281 843 349 880 est
370 845 522 882 auctor
541 855 550 882 ε

623 842 752 895 yrrho
771 842 845 894 qui
862 854 973 894 pace
993 846 1151 894 negata

145 904 338 946 Multum
359 907 504 947 animo
528 907 663 961 vidit;
692 907 855 947 lumine
875 911 1032 961 captus
1051 911 1157 948 erat.

87 972 312 1026 Prospicit
331 987 358 1014 a
377 974 540 1027 templo
561 987 778 1015 summum
800 974 944 1015 brevis
966 987 1068 1016 area
1088 973 1278 1016 Circum.

1459 975 1545 1018 205

143 1040 224 1081 Est
251 1041 313 1082 ibi
333 1054 419 1081 non
441 1054 590 1095 parvae
613 1055 755 1096 parva
774 1043 976 1083 columna
998 1048 1134 1083 notae.

83 1171 112 1202 ei
122 1170 264 1211 queritis
278 1171 403 1205 sidera,·
429 1174 501 1201 tunc
531 1171 661 1210 emergit
690 1173 752 1201 ales
772 1172 866 1201 adun
862 1181 889 1200 a
913 1170 1027 1201 excelsi
1057 1171 1154 1201 Joris.
1160 1171 1379 1210 —chuem
1403 1172 1467 1202 dies
1483 1172 1543 1202 ciet

85 1213 220 1254 Hyadas
234 1212 472 1249 cornuafrontis
490 1213 659 1248 Taurum:
681 1217 771 1251 atque
786 1214 876 1242 tellus
889 1213 1051 1250 spargitur
1066 1213 1161 1242 multo
1174 1212 1281 1243 imlue.

1371 1214 1541 1253 Postquam

85 1265 173 1286 mane
188 1254 356 1291 bissuerit,
368 1257 461 1293 atque
479 1254 609 1284 Phoebus
630 1253 810 1294 repetiverit
824 1258 922 1292 ortus,
942 1257 971 1284 et
986 1263 1072 1292 seges
1087 1254 1133 1283 bis
1147 1254 1207 1284 ent
1216 1254 1308 1290 sacta
1329 1255 1456 1285 humida
1472 1265 1542 1285 rore

82 1306 201 1337 spano,
218 1297 348 1327 Bellona
363 1296 480 1326 dicitur
495 1299 670 1326 consecratu
687 1297 743 1326 hac
757 1296 806 1326 die
823 1296 899 1326 bello
915 1277 1033 1334 ’Τιιει-ο,
1045 1299 1075 1326 et
1087 1305 1206 1336 seraper
1219 1298 1306 1328 adest
1326 1297 1463 1337 propitia
1481 1297 1543 1328 La-

83 1339 142 1370 tio.
185 1338 306 1379 Appius
320 1341 365 1368 est
380 1341 508 1368 auctor·
497 1361 506 1373 ‚
530 1339 593 1378 qui,
608 1348 682 1378 pace
696 1342 812 1377 negata
830 1337 954 1379 Pyrr-120
968 1339 1098 1368 multum
1112 1340 1270 1378 prospexit
1294 1343 1414 1370 mente:
1437 1343 1545 1379 captus

35 1415 40 1420 ,
83 1384 154 1413 erat
177 1381 282 1412 oculis.
328 1380 436 1411 Parva
463 1390 537 1411 area
562 1381 713 1421 prospicit
739 1380 777 1410 ab
799 1381 864 1411 aede
884 1390 1033 1411 summum
1051 1381 1186 1413 Circum.
1232 1382 1291 1412 Est
1315 1381 1358 1412 ibi
1371 1382 1487 1421 exigua
1499 1391 1547 1412 co-

704 1469 916 1480 moom
921 1469 937 1480 e

83 1534 186 1573 patet,
207 1530 327 1571 probet,
349 1530 490 1571 probant.
545 1531 628 1562 Tum
658 1530 722 1561 Fd.
751 1531 849 1571 ‹Ji->p
853 1531 884 1562 h.
909 1532 960 1562 sed
990 1532 1154 1572 quaerimus
1177 1536 1255 1563 asti.
1280 1532 1415 1573 plurimi
1444 1534 1545 1566 etiam

86 1574 143 1605 alii
167 1583 243 1604 cum
263 1573 351 1613 vulg.
378 1574 563 1613 quaerimus:
590 1573 709 1604 Heius.
734 1542 849 1604 deditp
846 1574 986 1614 queritis
1010 1584 1052 1605 ex
1079 1575 1193 1606 Ursin.
1218 1581 1252 1605 et
1281 1575 1389 1606 tribus
1417 1576 1548 1608 aliis.—

87 1619 148 1648 198
172 1616 260 1646 Mor.
274 1618 351 1647 terr.
374 1616 523 1646 madescet
550 1626 600 1656 aq.
604 1619 710 1647 —200
733 1585 863 1647 Heius?
879 1617 975 1647 malit
1004 1626 1169 1657 reponere
1196 1618 1359 1658 Tortaque.
1362 1621 1466 1649 —204
1489 1619 1546 1651 Sa.

88 1663 124 1689 et
138 1658 286 1699 quinque
302 1657 360 1689 alii
389 1658 494 1688 Multa
515 1659 609 1689 anim.
656 1658 789 1689 Deinde
815 1659 913 1689 multi
938 1658 1046 1689 Codd.
1072 1669 1168 1690 coecus
1191 1669 1251 1700 pro
1274 1663 1402 1700 captus;
1427 1671 1477 1701 pr.
1502 1661 1548 1693 A.

85 1706 122 1734 et
140 1700 227 1733 Laeti
255 1700 310 1732 lib.
337 1710 461 1738 cassu-*U
486 1710 568 1732 unus
599 1710 734 1741 quassus.
739 1703 842 1732 —205
871 1701 994 1742 Templo
1025 1711 1067 1732 ex
1095 1703 1206 1734 Ursin.
1235 1703 1415 1735 veterrimo
1446 1703 1546 1742 libro,

749 1817 892 1851 No'rAE

133 1901 193 1930 195
221 1898 314 1939 Hoec]
337 1898 496 1940 Templa,
513 1900 657 1940 scilicet,
679 1910 795 1932 recen-

94 1949 173 1981 sita.

135 2001 197 2030 196
226 1999 368 2040 Praepes]
419 2000 597 2041 Praepetes
636 2001 796 2032 dicuntur

92 2059 173 2082 aves
211 2055 403 2090 opportune
443 2051 682 2091 praevolantes,
720 2061 795 2092 quae

91 2099 208 2131 volatu
237 2098 369 2131 faciunt
394 2100 592 2139 augurium:
619 2105 721 2141 atque
742 2101 795 2132 hic

90 2149 136 2181 de
157 2148 282 2190 Aquila
297 2149 422 2189 agitur,
447 2159 521 2190 quae
539 2154 614 2180 tota
631 2150 794 2182 Kalendis

90 2198 204 2231 Juniis
221 2199 354 2241 vesperi
371 2207 445 2230 sese
461 2199 624 2232 ostendit.

136 2251 196 2280 197
223 2248 363 2288 Cornua]
395 2248 548 2288 Hyades,
573 2258 712 2289 cornua,
739 2260 797 2290 ap·

94 2299 236 2341 positio;
259 2299 338 2340 quia
351 2299 416 2330 illae
428 2300 459 2329 in
474 2299 585 2330 fronte
597 2301 698 2331 Tauri
712 2301 797 2332 sitm.

139 2352 200 2381 19⁰
228 2349 291 2380 Ubi
318 2348 379 2388 hir]
420 2349 537 2380 Pridie
564 2351 679 2382 Nonas
703 2351 795 2384 Juuii

93 2400 244 2432 Bellonae
277 2399 367 2430 aedes
397 2406 597 2431 consecrata
633 2401 666 2431 in
696 2401 796 2432 Circo

94 2450 258 2482 Flaminio
268 2459 384 2480 versus
394 2455 527 2490 portam
537 2451 796 2482 Carmentalem.

96 2500 136 2532 ln
152 2500 215 2532 hac
235 2500 384 2532 dabatur
395 2501 540 2532 Senatus
554 2502 689 2541 Legatis
701 2508 796 2532 exte·

96 2559 206 2581 nrum
224 2551 374 2591 gentium
387 2560 468 2592 quas
485 2551 517 2582 in
534 2552 660 2583 Urbem
674 2552 794 2583 admit-

96 2605 171 2631 tere
187 2600 347 2631 nolebant
362 2611 370 2639 ;
394 2600 475 2634 item
499 2602 643 2634 ducibus
658 2608 693 2634 et
708 2603 797 2634 bello

96 2650 358 2681 revertentibus.
423 2650 537 2693 Atque
574 2654 648 2685 haec
689 2653 732 2685 ab
760 2653 798 2684 il-

96 2699 239 2732 lustrln.
267 2699 424 2740 Nenpoli.

138 2753 199 2783 201
236 2749 347 2791 Ίὶωω]
398 2749 498 2783 Anno
523 2750 566 2783 ab
600 2751 692 2785 Urbe
721 2755 797 2786 45⁷.

850 1900 964 1941 Appio
987 1899 1130 1932 Claudio
1146 1900 1247 1931 Caeco
1263 1904 1298 1930 et
1315 1900 1352 1931 L.
1370 1899 1550 1932 Volumnio

849 1951 1000 1981 Flamma
1009 1949 1231 1981 Consulibus:
1249 1953 1352 1990 atque
1366 1953 1436 1980 tum
1446 1949 1549 1981 hosti-

850 2010 903 2031 um
918 2000 1021 2030 multa
1031 1999 1136 2030 millia
1144 2009 1242 2039 caesa,
1251 2003 1420 2040 captaque
1432 2008 1549 2030 eorum

850 2055 974 2082 castra.

893 2098 1038 2139 Bellona]
1054 2100 1130 2130 Dea
1140 2098 1273 2137 bellica,
1285 2097 1411 2129 Martis
1425 2107 1551 2138 comes,

850 2153 921 2181 tum
936 2158 1044 2188 soror,
1075 2153 1133 2180 ant
1145 2148 1281 2188 conjux,
1298 2147 1352 2179 vel
1370 2151 1550 2190 utrumque

851 2199 960 2231 simul.

892 2252 955 2280 203
979 2247 1114 2289 Appius]
1142 2247 1210 2279 Hic
1224 2248 1279 2278 ille
1293 2257 1403 2279 caecus
1417 2251 1482 2286 est,
1495 2247 1553 2289 qui

850 2299 974 2331 foedam
992 2308 1067 2330 cum
1093 2298 1224 2338 Pyrrho
1242 2306 1359 2337 pacem
1383 2297 1552 2328 disturba-

850 2350 922 2388 vit;
951 2355 1052 2390 atque
1086 2348 1234 2388 insuper,
1257 2357 1300 2378 ne
1330 2347 1492 2388 quosdam
1519 2347 1552 2379 in

849 2400 979 2431 Senatu
1002 2398 1135 2429 audiret
1165 2398 1310 2438 pessime
1341 2397 1552 2439 Reipublicae

851 2450 1078 2487 consulentes,
1102 2448 1239 2480 surdum
1262 2447 1336 2479 fieri
1360 2449 1471 2490 palam
1495 2456 1554 2479 ex·

852 2500 988 2542 petivit.

894 2554 955 2583 205
981 2549 1158 2589 Summum]
1207 2548 1385 2587 Ultimum,
1407 2550 1465 2578 ant
1495 2555 1551 2576 ex·

852 2606 994 2634 tremam
1007 2601 1081 2642 ejus
1099 2602 1242 2641 partem.

894 2651 993 2693 Area]
1022 2651 1175 2693 Spatium
1201 2649 1265 2680 fuit
1290 2651 1369 2678 anie
1397 2647 1549 2678 Deorum

853 2702 956 2735 tedes.

894 2755 958 2784 200
981 2751 1055 2784 Non
1073 2749 1195 2793 parvm]
1231 2747 1286 2781 Ob
1310 2746 1475 2780 rationem
1502 2756 1551 2778 se-
