1773 3121
224 170 337 213 1820·
711 180 749 210 2³.
781 179 940 211 ovmn
976 178 1193 213 NAsoms

225 277 330 321 Non
350 276 502 318 Venus
521 280 565 318 ct
585 276 734 318 vinum
755 275 958 316 sublimia
980 278 1163 328 pectora
1181 274 1308 327 fregit
1326 287 1337 325 ;

283 344 544 385 Officiumve
565 344 661 392 fori,
681 343 905 384 militiaeve
925 342 1066 383 labor.

225 412 326 453 Nec
346 412 457 452 levis
479 411 677 459 ambitio,
699 410 964 463 perfusaque
985 409 1122 461 gloria
1138 409 1260 459 fuco,

284 479 599 531 Magnarumve
621 477 758 518 fames
779 478 1022 519 solicitavit
1043 491 1192 531 opum.

225 545 473 587 Admovere
493 545 633 586 oculis
654 544 864 586 distantia
884 545 1027 585 sidera
1047 545 1208 587 nostris
1227 556 1239 596 3

285 613 548 666 AEtheraque
570 613 743 666 ingenio
764 624 1039 666 supposuere
1060 625 1156 653 suo.

226 679 300 720 Sic
321 679 483 732 petitur
503 680 665 719 coelum
684 693 694 720 ε
725 691 813 719 non
833 683 880 720 ut
900 680 1014 720 ferat
1036 679 1187 720 Ossan
1209 677 1446 732 Olympus,

285 747 552 799 Summaque
575 746 784 786 Peliacus
807 746 950 786 sidera
970 749 1122 798 tangat
1149 757 1280 798 apex,

228 813 328 853 Nos
350 826 525 865 quoque
547 813 629 852 sub
652 812 840 853 ducibus
862 814 1024 853 coelum
1045 813 1304 853 metabimur
1322 811 1426 862 illis,

286 879 595 931 Ponemusque
615 892 718 919 suos
739 879 794 919 ad
818 883 933 919 stata
952 880 1073 931 signa
1089 878 1203 919 dies.

228 946 365 986 ERGO
388 947 462 985 ubi
485 958 577 986 nox
599 945 738 987 aderit
758 947 951 986 venturis
972 947 1102 987 tertia
1122 945 1284 996 Nonis,

285 1013 536 1066 Sparsaque
558 1013 727 1054 coelesti
750 1026 845 1054 rore
865 1013 1063 1053 madebit
1083 1013 1268 1064 humus;

229 1080 461 1133 Octipedis
479 1080 636 1121 frustra
656 1084 904 1133 quaeruntur
920 1081 1097 1121 brachia
1119 1080 1303 1122 Cancri:

287 1147 497 1199 Praeceps
521 1147 730 1187 occiduas
746 1147 819 1188 ille
841 1147 1006 1187 subivit
1028 1160 1187 1200 aquas,

1598 540 1686 583 305

1602 877 1688 919 310

233 1255 334 1287 Venus
349 1258 379 1285 et
396 1254 550 1293 Bacchus,
575 1258 628 1285 aut
651 1255 782 1296 officium
799 1254 879 1294 fori,
902 1259 931 1286 et
958 1255 1043 1285 tabor
1069 1255 1152 1295 belli,
1179 1255 1318 1294 corrupit
1338 1256 1430 1286 corda
1445 1255 1538 1286 eluta.
1585 1255 1691 1296 Neque

227 1308 307 1329 vana
319 1297 458 1336 ambitio,
473 1303 502 1328 et
516 1298 619 1336 gloria
634 1298 718 1328 illita
724 1297 814 1337 fuce,
830 1301 860 1329 et
876 1298 1063 1328 desiderium
1078 1307 1260 1336 magnarum
1275 1297 1458 1328 divitiarum
1485 1297 1559 1328 illas
1582 1299 1690 1329 movit.

228 1342 438 1372 Admoverunt
469 1340 566 1370 oculis
592 1341 708 1371 nostris
736 1344 822 1371 astra
851 1344 981 1378 remota,
995 1344 1026 1370 et
1041 1340 1248 1371 submiserunt
1269 1340 1376 1371 coelum
1391 1340 1514 1377 ingenio
1530 1350 1594 1372 suo.
1639 1340 1690 1370 Eo

229 1384 317 1414 modo
334 1382 493 1413 scanditur
507 1383 623 1413 oether:
644 1393 705 1413 non
733 1386 768 1413 ut
798 1383 946 1422 Olympus
968 1383 1121 1412 sustineat
1150 1384 1272 1420 Ossam,
1298 1386 1329 1412 et
1354 1386 1463 1412 vertex
1478 1383 1561 1413 Pelii
1577 1385 1692 1422 tangat

229 1435 370 1465 suprema
385 1425 498 1456 sidera.
544 1426 611 1455 Nos
624 1426 718 1456 etiam
733 1425 897 1455 metiemur
911 1425 1018 1455 coelum
1033 1424 1088 1454 sub
1103 1424 1168 1454 illis
1183 1424 1322 1462 ducibus,
1339 1428 1369 1454 et
1384 1425 1608 1462 assignabimus
1622 1433 1692 1455 suos

230 1468 296 1498 dies
311 1468 351 1497 ad
365 1467 534 1498 constituta
550 1468 651 1506 signa.
743 1467 886 1507 Adeoque
912 1470 1073 1507 postquam
1099 1477 1162 1497 nox
1185 1466 1279 1496 tertia
1302 1466 1405 1497 aderit
1429 1466 1531 1496 Nonis
1555 1467 1692 1505 futuris,

231 1513 259 1540 et
277 1513 361 1540 terra
374 1510 436 1539 erit
452 1510 576 1540 humida
591 1513 693 1540 strata
708 1519 777 1540 rore
792 1509 919 1547 coelesti,
948 1509 1073 1539 brachia
1102 1509 1216 1539 Cancri
1236 1508 1383 1549 octipedis
1397 1509 1596 1548 nequicquam
1610 1518 1692 1548 quoe-

230 1555 360 1584 rentur:
392 1552 443 1582 ille
467 1561 605 1592 praeceps
619 1561 737 1583 mersus
759 1555 803 1583 est
821 1552 854 1582 in
878 1561 975 1592 aquas
997 1552 1150 1584 occiduas.
1241 1552 1341 1582 Nonae
1367 1552 1564 1582 advenerint.-
1592 1550 1694 1583 nimbi

847 1636 1086 1648 “occaect-eoo

224 1688 400 1727 som—304
424 1691 479 1721 Fr.
495 1700 551 1731 que
577 1700 638 1732 pro
664 1701 709 1722 ve.
752 1691 836 1723 Tum
852 1692 951 1723 Voss.
974 1702 1026 1732 pr.
1054 1691 1098 1722 A.
1125 1695 1160 1722 et
1182 1701 1241 1722 sex
1263 1690 1320 1721 alii
1338 1689 1435 1728 furor
1459 1698 1520 1730 pro
1532 1688 1693 1728 fames.—

232 1735 293 1763 305
320 1733 360 1764 R.
389 1734 558 1764 Adduxere
583 1735 659 1765 ocul.
683 1738 719 1765 et
745 1734 786 1765 P.
813 1734 909 1765 terris
933 1744 993 1775 pro
1021 1734 1259 1766 nostris.—-308
1284 1733 1365 1764 Pet.
1394 1733 1521 1772 Imaque
1545 1732 1694 1763 P.—-3oo

231 1775 328 1806 Voss.
353 1775 395 1807 A.
413 1780 448 1807 et
473 1786 533 1806 sex
548 1777 604 1807 alii
631 1777 695 1808 coel.
718 1777 938 1807 meditabimur
963 1777 1011 1808 ill.
1058 1778 1224 1817 Excerpt.
1240 1777 1336 1807 Voss.
1361 1774 1614 1811 numerabimus5
1637 1774 1694 1805 Fr.

231 1818 530 1850 metibimur.—-310
552 1819 646 1849 Statu
661 1828 702 1848 ex
720 1823 792 1858 opt.
820 1824 856 1850 et
881 1823 968 1850 vett.
996 1819 1111 1859 placet
1138 1820 1285 1858 Neapol.
1309 1822 1344 1850 et
1369 1818 1489 1849 Heius.
1513 1826 1584 1857 prae
1602 1817 1694 1857 vulg.

232 1863 430 1899 vaga—312
452 1862 535 1892 Tres
560 1861 638 1892 libri
664 1870 727 1893 ror.
754 1861 902 1892 madescit
929 1861 1012 1892 hum.
1035 1861 1126 1892 unde
1153 1861 1276 1892 Heius.
1304 1861 1395 1900 conj.
1425 1861 1694 1890 madescet.-313

896 1946 1036 1977 NOTAE

276 2019 334 2047 301
367 2016 485 2057 Venus]
510 2017 615 2057 Cujus
627 2017 814 2049 verobonae
831 2017 880 2049 rei
893 2018 938 2049 sit

235 2076 357 2107 caan,
392 2077 491 2108 quem
521 2068 638 2099 Venus
673 2067 848 2107 damnosa,
879 2072 938 2099 aut

236 2116 350 2147 vinum
385 2117 515 2148 violens
542 2121 703 2158 torquet3
747 2117 936 2148 ambitiosae

235 2167 326 2206 lites,
352 2176 411 2198 seu
439 2166 602 2198 bellorum
629 2166 793 2208 strepitus
817 2167 938 2198 obtun-

239 2216 344 2247 dunt?

280 2268 342 2296 303
368 2265 467 2306 Fuco]
498 2267 614 2308 quue
631 2266 778 2297 maxime
795 2266 918 2298 fallaci.

282 2318 343 2347 305
389 2316 577 2356 Admovere]
629 2317 717 2350 Quia
757 2317 941 2357 cognitioni

240 2370 364 2397 nostrae
380 2366 612 2407 subjecerunt.

282 2418 345 2447 306
367 2416 573 2458 Supposuere]
618 2417 707 2451 Quia
727 2418 812 2449 Coeli
837 2418 940 2450 ratio-

240 2475 329 2505 nem,
343 2468 408 2497 &c.
424 2466 726 2507 investigaverunt.

283 2517 345 2546 30⁷
369 2515 437 2556 Sic]
461 2517 714 2548 Perscrutando
731 2518 896 2549 coelestia.

287 2565 403 2605 Ossan]
455 2567 549 2599 Quos
584 2566 768 2598 Thessaliae
807 2572 939 2599 montes

242 2614 396 2656 gigantes
433 2616 476 2647 ad
518 2618 780 2659 oppugnandum
820 2619 940 2650 coelum

241 2664 400 2697 dicuntur
416 2667 657 2709 construxisse,
674 2672 711 2700 ut
727 2678 819 2709 saepe
836 2667 940 2700 incul-

244 2719 369 2747 catum.

1035 2020 1098 2048 308
1121 2017 1282 2059 Peliacus]
1325 2018 1456 2048 Vertex
1478 2016 1567 2048 Pelii
1593 2016 1696 2049 Thes·

993 2069 1085 2100 saliae
1101 2069 1225 2100 montis
1241 2069 1405 2100 altissimi.

1035 2122 1098 2150 309
1120 2119 1275 2159 Ducibus]
1302 2117 1527 2158 PhilosophiS,
1547 2117 1697 2158 scilicet,

993 2174 1029 2200 et
1045 2168 1271 2200 Astronomis.

1037 2221 1098 2250 310
1112 2219 1280 2260 Ponemus]
1296 2219 1335 2250 Id
1351 2223 1416 2260 est,
1429 2218 1567 2260 singulis
1579 2218 1697 2259 signis,

995 2279 1071 2310 quae
1098 2279 1158 2300 suo
1181 2274 1217 2301 et
1232 2269 1301 2300 fixo
1318 2274 1471 2310 tempore
1491 2268 1646 2300 oriuntur
1659 2272 1697 2300 et

996 2319 1169 2358 occidunt,
1184 2329 1258 2360 quae
1269 2324 1346 2350 suut
1359 2319 1427 2350 suis
1436 2318 1571 2350 circulis
1583 2317 1699 2358 affixa,

996 2378 1136 2409 quorum
1154 2369 1321 2409 vertigine
1333 2373 1528 2409 vertuntur,
1540 2368 1696 2410 proprios

995 2418 1065 2449 dies
1082 2419 1338 2458 assignabimus.

1037 2471 1097 2499 311
1118 2468 1238 2508 Tertia]
1259 2468 1374 2499 Tertio
1389 2468 1503 2498 Nonas
1515 2469 1697 2500 ,Ianuarias
1754 2474 1758 2477 “

995 2519 1125 2549 Cancer
1159 2518 1298 2556 occidit,
1336 2517 1447 2558 inquit
1483 2517 1709 2558 Columella;‚

994 2568 1058 2599 hoc
1074 2572 1126 2599 est
1151 2568 1254 2599 tertio
1279 2568 1447 2600 Januarii.
1493 2567 1608 2609 Atque
1630 2569 1696 2601 hoe

997 2617 1248 2658 intelligendum
1266 2617 1308 2648 de
1321 2627 1441 2649 occasu
1459 2618 1626 2658 Cosmico‚
1640 2619 1698 2661 qui

996 2666 1036 2697 fit
1051 2677 1148 2707 paene
1157 2668 1228 2708 jam
1244 2668 1324 2699 Sole
1346 2668 1490 2699 oriente.
1534 2668 1696 2701 Ceterum

997 2722 1132 2760 spectat
1161 2718 1204 2749 ad
1232 2717 1453 2751 Astronomos
1478 2719 1622 2761 subtilis*
1639 2719 1695 2751 ha-
