1773 3121
589 275 852 307 FASTORUM
887 275 982 306 LIB.
1018 275 1094 306 ΙΙΙ.

117 367 273 422 Sylvia
292 368 344 410 fit
361 374 511 410 mater.

570 367 722 408 Vestae
742 367 979 409 simulacra
996 369 1189 412 feruntur

1459 270 1479 309 1
1487 269 1570 309 941

1517 374 1573 413 45

172 435 405 489 Virgineas
425 434 563 475 oculis
584 435 851 489 opposuisse
871 448 1040 477 manus,

115 502 209 545 Ara
230 504 340 545 Deae
361 506 477 542 certe
497 503 686 552 tremuit,
708 503 903 556 pariente
923 503 1121 544 ministra
1139 518 1150 555 3

170 570 228 611 Et
247 570 379 610 subiit
398 569 563 610 cineres
583 570 731 610 territa
749 570 927 611 flamma
948 583 1069 611 suos.

113 636 230 678 Haec
250 636 324 676 ubi
343 636 552 688 cognovit
571 640 815 677 contemtor
836 636 1042 678 Amulius
1062 638 1194 691 aequi,

164 701 305 757 (Nam
327 706 474 756 raptas
492 703 612 744 fratri
634 704 773 745 victor
790 703 984 745 habebat
1004 703 1151 758 opeS,)
1514 708 1570 746 50

109 768 252 810 Amne
264 769 389 823 jubet
408 771 544 824 mergi
564 772 772 826 geminos.

834 772 989 813 Scelus
1006 771 1126 813 unda
1146 772 1317 826 refugit.

164 835 218 876 In
237 836 360 877 sicca
377 838 500 890 pueri
521 838 814 880 destituuntur
834 839 978 880 humo.

106 902 246 945 Lacte
266 905 364 957 quis
384 905 569 946 infantes
589 907 730 947 nescit
751 908 940 947 crevisse
956 906 1117 957 ferin03

163 969 221 1011 Et
240 972 386 1024 picum
408 974 625 1026 expositis
647 987 767 1028 saepe
788 974 946 1015 tulisse
966 974 1091 1014 cibos
1107 975 1126 1014 't

107 1036 211 1078 Non
233 1050 312 1091 ego
333 1041 390 1087 te,
413 1036 543 1081 tantae
562 1041 706 1082 nutrix
731 1041 936 1081 Larentia
956 1041 1114 1093 gentis,

1508 1044 1565 1084 55

164 1103 259 1146 Nec
282 1111 456 1147 taceam
477 1111 658 1156 vestras,
682 1107 894 1148 Faustule
916 1121 1097 1161 pauper,
1123 1121 1245 1161 opeS.

102 1235 187 1266 hoero
207 1235 309 1266 Vesta?
323 1237 468 1267 dicuntur
481 1237 651 1267 admovisse
665 1246 772 1267 manus
785 1236 945 1275 virgineas
956 1235 1061 1266 oculis.
1108 1236 1202 1266 Certe
1216 1236 1315 1265 altare
1329 1245 1504 1268 concussum
1518 1241 1563 1268 est

101 1276 266 1308 Sacerdote
287 1278 451 1317 pariente,·
473 1282 503 1309 et
521 1278 570 1318 fla

573 1288 652 1308 mma
677 1279 791 1309 territa
806 1288 838 1308 se
862 1278 1028 1308 occultavit
1052 1277 1108 1308 sub
1122 1287 1192 1307 suos
1218 1278 1346 1309 cineres.
1391 1279 1561 1319 Postquam

99 1319 245 1350 Amulius
258 1323 426 1350 contemtor
440 1321 522 1360 oequi
534 1320 689 1351 intellexit
704 1321 780 1359 haec,
798 1322 890 1361 (nom
905 1320 1044 1360 superior
1058 1319 1180 1350 tenebat
1195 1330 1266 1359 opes
1279 1320 1414 1351 sublatas
1420 1320 1537 1359 fratri,
1541 1322 1563 1361 )

98 1360 231 1401 imperat
243 1363 392 1399 gemellos
405 1363 646 1403 obmiflumine.
694 1363 823 1394 Fluctus
843 1363 946 1394 horret
959 1362 1139 1403 flagitium.
1186 1362 1330 1400 Infantes
1345 1364 1560 1404 relinquuntur

98 1402 132 1434 ἐκ
145 1405 332 1436 terrasicca.
379 1406 458 1442 Quis
480 1406 607 1445 ignorat
625 1416 736 1446 pueros
750 1409 854 1437 auctos
867 1415 931 1436 esse
946 1406 1025 1436 lacte
1033 1404 1154 1444 ferino,
1178 1408 1268 1445 atque
1282 1406 1384 1445 picum
1399 1416 1480 1446 ,ηερε
1492 1416 1562 1447 pm·-

98 1448 180 1478 time
191 1457 291 1479 escam
303 1446 476 1488 expositis?
501 1449 571 1488 Ego
584 1452 615 1480 te
627 1458 687 1479 non
698 1452 882 1489 proeteream
895 1448 1030 1487 silentio,
1042 1447 1194 1478 Larentia
1206 1452 1280 1478 nutr
1282 1448 1317 1478 ix
1329 1451 1427 1480 tantae
1437 1449 1559 1487 sobolis,

716 1549 948 1560 &mmm

99 1609 140 1638 45
165 1606 254 1638 Mor.
281 1611 317 1638 et
342 1607 397 1638 Fr.
421 1607 484 1638 Ilia
502 1607 548 1648 fit
572 1611 737 1640 mat-46
761 1609 852 1640 Mor.
877 1618 920 1638 oc.
950 1607 1153 1647 praeposuisse
1176 1610 1343 1638 mam—50
1368 1608 1446 1639 Pet.
1473 1609 1556 1641 Nam

99 1653 228 1690 raptum·
251 1654 285 1681 et
302 1649 621 1687 multisratris.—5l
646 1651 689 1681 V.
706 1655 742 1682 et
757 1650 824 1681 duo
852 1650 909 1680 alii
935 1659 1030 1688 merg.
1054 1659 1174 1689 pueros.
1198 1650 1362 1681 Secu—55
1389 1650 1458 1683 Alii
1474 1652 1557 1684 Lau-

753 1756 897 1789 NOTAE

141 1834 182 1863 40
204 1830 293 1871 Visa]
318 1831 387 1863 Per
399 1841 568 1863 somnum:
594 1842 668 1873 quae
685 1842 800 1864 secum

98 1882 210 1913 animo
235 1882 442 1921 revolvebat,
467 1888 570 1923 atque
598 1883 661 1914 sibi
687 1892 799 1914 narra-

96 1930 165 1962 bat.

137 1983 179 2012 42
205 1980 343 2020 Caelesti]
363 1981 462 2014 Quod
479 1991 522 2012 ex
540 1982 654 2013 Marte
669 1981 753 2013 Deo.

136 2032 178 2062 43
205 2030 371 2071 Eum-uis]
395 2031 548 2063 Exactis.
566 2031 720 2072 Metapli.
744 2035 797 2062 est

94 2088 114 2111 a
151 2080 329 2119 militibus,
368 2081 424 2122 qui
456 2081 602 2112 Emeriti
636 2081 796 2112 dicuntur

94 2135 273 2172 postquam
289 2131 405 2163 debita
421 2131 551 2162 miiitiae
570 2136 726 2172 tempora
741 2131 796 2163 ab·

93 2180 280 2213 solverunt.

143 2235 185 2264 44
230 2231 417 2273 Restabant]
462 2230 628 2274 Adeoque
662 2232 794 2264 decimo

92 2291 205 2314 meme
222 2283 295 2314 liiae
313 2289 429 2324 partus
444 2283 607 2314 instabat.

135 2333 252 2375 Signa]
275 2335 344 2366 Pro
361 2334 530 2366 mensibus
557 2334 670 2375 posuit
696 2335 793 2376 sigua

91 2385 244 2417 coelestia
272 2385 305 2416 in
331 2384 490 2425 Zodiaco‚
518 2394 593 2426 quae
617 2389 712 2417 motu
731 2395 791 2416 suo

89 2433 147 2466 Sol
165 2435 363 2477 perlustrat.

133 2485 217 2526 Deo]
240 2485 382 2523 Phoebo,
399 2485 454 2526 qui
469 2486 526 2516 Sol
542 2490 608 2517 est.

132 2536 173 2567 46
198 2535 269 2576 Fit]
290 2536 433 2576 Peperit
457 2537 632 2577 gemellos,
646 2535 789 2568 Remum

95 2588 193 2625 atque
211 2585 402 2617 Romulum.

135 2633 321 2676 δίκαιαι-τα]
334 2636 431 2668 Ficta
443 2637 515 2668 haec
530 2648 537 2668 ε
556 2637 682 2669 nullum
699 2638 789 2668 enim

94 2681 306 2715 sinunt-crum
333 2685 367 2717 in
391 2686 465 2718 aede
489 2687 618 2719 Vesta».
663 2689 788 2719 Verum

93 2731 200 2763 simne
215 2733 294 2773 quid
315 2736 468 2768 evenisse
490 2736 611 2769 dicunt
632 2738 788 2770 scelesta:

93 2782 140 2813 illi
155 2781 287 2822 Tulliae,
299 2782 372 2815 viso
384 2786 537 2826 parentia
548 2786 647 2830 signo
662 2787 696 2819 in
709 2786 788 2820 fano

95 2832 264 2877 Fprtunae.

897 1834 939 1862 46
965 1831 1165 1872 Opposuisse]
1202 1832 1256 1863 Ne
1283 1833 1394 1863 scelus
1422 1832 1556 1865 videret

855 1884 975 1914 Vesta.

896 1937 936 1965 47
963 1933 1071 1973 Certe]
1095 1933 1144 1963 Ut
1161 1932 1390 1973 distinguatur
1406 1934 1496 1965 istud
1513 1934 1554 1965 ab

853 1993 893 2015 eo
905 1983 994 2025 quod
1012 1983 1111 2014 tinxit
1128 1982 1237 2013 Poe'ta
1264 1984 1306 2013 de
1322 1983 1439 2015 Vestae
1455 1984 1554 2014 simu·

850 2035 954 2066 lacto.

894 2084 1059 2125 Par-iente]
1083 2083 1173 2114 Dum
1191 2087 1326 2124 pareret
1351 2083 1416 2115 Ilia
1431 2085 1553 2115 Vesta-

849 2135 898 2167 lis.

890 2188 931 2217 48
947 2184 1068 2225 Subiit]
1095 2185 1179 2216 Fere
1193 2184 1347 2216 extincta
1364 2190 1434 2216 est:
1461 2186 1550 2226 quod

848 2245 951 2276 super
974 2235 1088 2266 omnia
1113 2234 1229 2275 gravia
1255 2238 1291 2266 et
1317 2235 1469 2266 timenda
1487 2237 1550 2267 Ro-

848 2287 940 2318 mani
956 2285 1139 2317 habebant.

889 2340 931 2368 49
955 2336 1049 2378 Hoec]
1072 2335 1256 2377 Peperisse
1273 2336 1384 2377 Iliam,
1398 2339 1462 2368 &c-

888 2391 929 2418 50
959 2387 1080 2427 Fratri]
1104 2387 1287 2419 Numitori.

889 2442 927 2469 61
955 2437 1104 2477 Refugit]
1127 2437 1205 2469 Non
1221 2437 1310 2468 enim
1328 2437 1422 2478 pueri
1437 2438 1547 2469 hausti

844 2486 1015 2518 fluctibus.

887 2540 927 2568 63
956 2536 1080 2576 Fer-ino]
1105 2537 1222 2578 Lupae.

887 2591 927 2618 55
953 2587 1118 2627 Larentia]
1141 2586 1306 2626 Faustuli,
1333 2588 1479 2627 pastoris
1498 2598 1547 2618 re-

845 2637 904 2678 gii,
928 2646 1025 2676 uxor,
1053 2641 1204 2668 scortum
1231 2637 1356 2675 nobile,
1384 2637 1436 2667 cui
1469 2638 1544 2666 iden

844 2689 949 2729 anae
967 2688 1082 2719 datum
1100 2697 1231 2719 nomeu.
1279 2688 1326 2718 Ea
1342 2696 1421 2715 vero
1437 2685 1543 2716 insnu-

845 2738 935 2769 tibus
966 2738 1071 2769 Remo
1101 2738 1309 2776 Romuloqnc
1335 2736 1413 2775 quin
1438 2736 1540 2766 ubera

843 2787 1005 2830 praebuit,
1018 2797 1037 2817 a
1053 2787 1131 2827 lupa
1147 2785 1266 2816 nutriti
1284 2784 1368 2814 dicti
1384 2790 1471 2814 suut.

885 2842 927 2870 50
951 2838 1049 2879 Opas]
1072 2838 1138 2869 Eas
1155 2836 1305 2877 appeunt
1321 2845 1414 2878 opes,
1431 2839 1540 2874 regio<
