1773 3121
201 216 314 258 1990
688 229 730 259 P.
762 229 919 260 ovmn
952 226 1178 260 NAsoNJs‘

201 321 230 363 J
235 335 306 363 am
325 336 517 377 quoque,
540 337 671 377 quem
691 337 841 367 secum
862 326 1066 376 tulerant,
1089 326 1308 368 defecerat
1327 326 1428 368 illos

260 390 434 440 Victus,
455 395 496 431 et
517 391 716 432 humanis
738 394 893 434 usibus
913 397 1018 447 apta
1042 393 1192 436 Ceres.

205 457 314 499 Orta
333 460 595 500 suburbanis
615 461 820 513 quaedam
838 462 922 502 fuit
942 462 1073 502 Anna
1093 462 1280 503 Bovillis

262 526 455 579 Pauper,
478 528 557 567 sed
578 528 751 569 mundae
772 529 1038 578 sedulitatis,
1063 542 1186 570 anus.

205 591 305 642 Illa,
327 594 410 634 levi
433 594 561 635 mitra
581 608 714 635 canos
735 596 938 637 redimita
957 596 1160 649 capillos,

263 660 482 713 Fingebat
503 663 686 703 tremula
706 662 867 703 rustica
887 663 979 703 liba
994 676 1141 704 manu.

205 727 352 782 Atque
371 729 432 769 ita
452 743 528 782 per
548 730 759 782 populum
778 730 989 770 fumantia
1009 743 1133 770 mane
1151 730 1322 771 solebat

265 796 483 837 Dividere.
544 797 662 836 Haec
683 797 852 849 populo
872 797 1004 848 copia
1026 801 1146 847 grata
1163 797 1261 839 suit.

207 862 328 903 Pace
351 863 469 903 domi
489 863 608 903 facta
628 863 796 914 signum
819 876 1007 915 posuere
1029 864 1261 913 Perennae,

265 929 395 979 Quod
417 931 501 970 sibi
523 929 707 970 defectis
730 930 805 969 illa
824 930 1000 971 tulisset
1021 943 1164 983 opem.

207 995 341 1036 Nunc
363 997 485 1047 mihi,
510 1010 585 1038 cur
605 1001 796 1046 cantent,
819 1001 1032 1052 superest,
1054 999 1265 1039 obscoena
1283 997 1457 1051 puellae,

265 1064 450 1105 Dicere:
481 1078 582 1105 nam
605 1064 782 1114 coeunt,
805 1068 1011 1118 certaque
1032 1066 1191 1118 probra
1213 1068 1385 1105 canunt.

1570 328 1658 370 665

1577 662 1663 704 670

1581 996 1670 1039 675

207 1174 304 1205 etiam
333 1173 394 1204 cibi
424 1184 497 1213 quos
526 1184 625 1205 secum
654 1178 855 1214 portat-erant
878 1178 969 1215 atque
998 1175 1139 1205 triticum
1164 1174 1304 1205 idoneum
1328 1174 1432 1205 usibus
1455 1173 1597 1204 humanis
1610 1173 1674 1205 illis

208 1218 324 1247 deerat.
371 1216 449 1247 Fuit
463 1218 601 1256 quiedam
614 1217 705 1247 Anna
722 1220 791 1247 orta
807 1217 943 1247 Bovillis
955 1217 1150 1255 suburbanis,
1162 1227 1239 1247 anus
1250 1227 1379 1256 pauper,
1394 1217 1447 1246 sed
1461 1217 1571 1247 nitidae
1581 1217 1671 1248 sedu-

210 1259 319 1290 litatis.
364 1258 426 1289 Illa
441 1258 553 1289 habens
568 1269 683 1290 comam
709 1258 809 1289 albam
832 1262 945 1290 tectam
971 1259 1030 1290 levi
1049 1260 1115 1289 rica
1130 1259 1279 1300 fingebat
1293 1259 1355 1289 liba
1370 1259 1488 1289 rustica
1501 1269 1593 1289 manu
1609 1262 1671 1289 tre-

210 1304 333 1332 mente:
356 1305 446 1341 atque
461 1302 506 1332 sic
521 1305 716 1332 consueverat
730 1310 877 1341 spargere
892 1312 980 1332 mane
1006 1301 1037 1332 in
1057 1301 1175 1341 plebem
1203 1311 1244 1332 ea
1261 1301 1432 1339 fumantia.
1477 1301 1558 1331 Hoec
1578 1300 1673 1332 abun-

210 1345 319 1375 dantia
326 1343 394 1382 suit
411 1347 535 1384 accepta
565 1344 656 1384 plebi.
701 1344 784 1375 Pace
806 1345 887 1374 dorni
915 1345 1074 1381 restituta,
1099 1347 1276 1375 statuerunt
1298 1345 1495 1374 simulacrum
1512 1344 1674 1383 Perennae,

211 1386 284 1427 quia
298 1387 352 1417 illa
375 1387 492 1417 auxilio
507 1387 625 1423 suisset
641 1386 702 1416 sibi
718 1386 888 1416 destitutis·
934 1387 1009 1416 Jam
1025 1386 1101 1416 mihi
1115 1390 1212 1416 restat
1227 1387 1361 1426 aperire,
1377 1386 1569 1425 quamobrem
1589 1387 1674 1426 puel-

212 1431 250 1460 1ae
264 1433 376 1460 canant
392 1430 519 1469 turpia:
544 1438 615 1459 nam
637 1428 820 1459 conveniunt
840 1431 932 1467 atque
953 1431 1081 1458 cantant
1104 1431 1188 1458 certa
1209 1428 1332 1468 probra.
1384 1428 1477 1458 Facta
1492 1431 1562 1459 erat
1575 1438 1674 1469 uttper

824 1502 1063 1513 eeeeeeeeeeee

214 1555 277 1586 pro
293 1545 383 1585 vulg.
409 1548 593 1576 erat.—665
619 1545 697 1576 Illos
712 1545 826 1576 Ursin.
841 1545 940 1575 Voss.
965 1544 1042 1575 Pet.
1060 1545 1113 1576 Sa.
1139 1550 1173 1577 et
1197 1550 1266 1576 tres
1294 1545 1371 1576 alii:
1409 1545 1545 1586 plurimi
1571 1544 1675 1576 etiam

213 1598 289 1620 cum
308 1589 362 1618 Fr.
390 1588 574 1619 illis—666
599 1588 668 1618 Pro
694 1587 798 1618 usibus
826 1587 944 1618 Heius.
972 1588 1113 1628 margini
1136 1589 1341 1628 ascripserat
1364 1589 1582 1619 esibus—667
1606 1588 1675 1619 Pro

213 1632 350 1671 quaedam
369 1637 512 1670 quatuor
530 1631 638 1662 Codd.
665 1632 837 1671 quondam.-
873 1635 908 1660 et
936 1639 1011 1660 mox
1027 1631 1163 1671 quidam
1187 1641 1264 1662 cum
1284 1631 1393 1662 Nonio
1412 1631 1576 1662 Marcello
1593 1629 1675 1661 scri·

213 1674 297 1704 bunt
320 1673 576 1704 Bolanis—668
601 1674 729 1704 Mundae
751 1683 793 1704 ex
820 1673 910 1704 Maz.
939 1679 971 1703 et
990 1673 1121 1705 Zulich.
1150 1683 1170 1704 a
1198 1683 1250 1714 pr.
1279 1683 1320 1705 m.
1346 1679 1380 1704 et
1397 1684 1463 1704 uno
1480 1683 1539 1704 suo
1556 1673 1676 1704 Heins.

214 1716 329 1757 placet
358 1725 425 1756 prae
453 1717 542 1757 vulg.
567 1718 692 1747 multae:
729 1716 795 1746 duo
824 1715 945 1755 scripti
972 1716 1181 1748 mina-669
1204 1717 1294 1747 Mor.
1323 1717 1383 1747 Illa
1410 1717 1514 1747 brevi:
1539 1721 1573 1747 et
1589 1715 1674 1746 alius

214 1759 300 1790 liber
315 1759 395 1789 vitta
411 1770 478 1790 can.
526 1760 686 1790 Redimita
703 1759 805 1790 etiam
829 1759 996 1798 meliores,
1021 1764 1111 1790 teste
1135 1759 1274 1798 Heins.;
1301 1759 1357 1789 alii
1371 1759 1518 1797 incincta,
1542 1758 1596 1789 vel
1611 1767 1678 1789 suc-

213 1802 438 1834 cincun—670
463 1802 541 1832 Duo
570 1802 648 1833 libri
677 1801 857 1841 Frangebat
881 1804 922 1832 tr.
941 1806 976 1832 et
993 1801 1058 1832 duo
1079 1802 1264 1834 Scindehat:
1288 1803 1377 1833 Mor.
1397 1802 1560 1841 Cingelmt.
1585 1801 1680 1832 Dein

214 1846 348 1875 tremula
365 1852 419 1876 est
434 1855 476 1876 ex
502 1845 609 1876 tribus
634 1845 676 1876 V.
702 1845 831 1885 Ursini,
853 1848 888 1875 et
915 1844 1015 1875 Statii
1041 1845 1157 1883 libris3
1193 1845 1250 1876 alii
1280 1855 1355 1876 cum
1383 1845 1474 1885 vulg.
1501 1843 1679 1884 trepida-—

216 1890 277 1917 671
303 1887 452 1919 Volebat
469 1888 630 1919 Francius
654 1888 729 1927 Atq.
746 1897 781 1918 ea
793 1897 849 1927 per
863 1890 1001 1927 p.—673
1025 1887 1147 1919 Heius.
1164 1887 1286 1918 suadet
1300 1888 1454 1919 Perenuae
1469 1896 1511 1918 ex
1529 1895 1579 1926 pr.
1596 1895 1626 1915 a.
1641 1888 1677 1916 et

217 1934 362 1970 quatuor
379 1931 474 1961 aliis:
500 1930 636 1970 plurimi
663 1935 777 1961 autem
805 1930 1066 1961 Perenna—674
1091 1931 1226 1962 Tulisset
1241 1940 1317 1961 cum
1341 1928 1536 1960 melioribus
1553 1927 1676 1958 Heius.

875 2020 1020 2052 NOTAE

218 2091 290 2114 rum
304 2082 491 2113 saeviebant
509 2084 612 2113 etiam
630 2082 866 2114 foeneratores.

264 2132 426 2171 Tribunis]
443 2132 615 2172 Hosjuris
632 2133 683 2163 sui
701 2133 866 2171 vindices,
879 2132 922 2163 ob

218 2182 453 2223 impotentiam
491 2182 636 2213 maxime
667 2182 924 2222 foeneratorum,

219 2241 305 2263 anno
323 2232 363 2263 ab
381 2231 474 2262 Urbe
490 2235 563 2263 260.
589 2232 653 2262 sibi
679 2241 740 2272 per
764 2232 924 2262 secessio-

219 2292 296 2313 nem
323 2292 342 2312 a
371 2281 531 2312 Patribus
567 2282 703 2322 paravit
733 2282 829 2323 plebs
858 2283 922 2314 Ro-

221 2341 330 2363 mana.

263 2384 326 2412 664
350 2382 464 2422 Fugit]
482 2381 629 2413 Secessit
645 2393 664 2413 a
681 2382 856 2422 Patribus,
875 2388 923 2414 at-

223 2439 287 2471 que
304 2431 338 2460 in
362 2431 482 2461 Monte
496 2432 600 2462 Sacro
618 2442 680 2472 per
701 2433 854 2473 hyemem
876 2437 923 2463 to-

222 2486 291 2511 tam
302 2480 502 2520 permausit,
515 2481 623 2512 donec
636 2482 787 2512 Menenii
799 2482 922 2523 Agrip-

223 2539 275 2570 pae
288 2529 455 2570 sapientia
467 2535 502 2560 et
518 2532 731 2571 auctoritate,
744 2538 922 2573 postquam

224 2581 326 2611 etiam
344 2581 385 2610 de
408 2581 568 2620 superbia
595 2591 654 2611 sua
678 2582 802 2622 aliquid
829 2584 925 2613 remi—

224 2631 324 2662 sisset
340 2631 508 2668 nobilitas,
526 2630 660 2661 tandem
681 2639 843 2662 revocata
860 2638 923 2663 est.

269 2680 375 2720 Sacri]
396 2682 460 2711 Hic
479 2684 635 2720 tumulus,
654 2683 707 2722 qui
726 2681 767 2712 ad
785 2682 923 2713 tertium

225 2731 419 2762 milliarium
437 2737 528 2762 trans
546 2730 710 2763 Anienem
728 2733 854 2772 primus
870 2743 925 2764 oc—

228 2782 347 2823 currit,
378 2781 432 2813 via
465 2782 692 2824 Nomentana,
719 2782 824 2815 Sacer
850 2782 925 2815 ideo

975 2083 1167 2123 appellatus
1184 2081 1274 2122 quod
1298 2080 1344 2111 ibi
1370 2079 1449 2112 Jovi
1470 2080 1586 2110 Fauno
1599 2083 1679 2120 post

976 2132 1122 2163 reditum
1150 2133 1184 2162 in
1207 2131 1336 2163 Urbem
1367 2130 1463 2171 plebs
1493 2138 1585 2160 aram
1619 2139 1679 2170 po-

976 2184 1092 2215 suerit.

1021 2238 1084 2267 666
1110 2235 1216 2275 Ceres]
1243 2235 1351 2266 Deam
1370 2244 1430 2275 pro
1447 2233 1594 2265 inventis
1610 2231 1680 2265 fru-

976 2286 1072 2328 gibus
1090 2285 1204 2316 tritico
1221 2295 1281 2316 seu
1298 2284 1468 2316 frumento
1486 2283 1610 2325 posuit.

1018 2338 1080 2367 667
1116 2335 1265 2375 Bovillis]
1314 2334 1552 2366 Suburbanum
1589 2332 1678 2365 dixit

975 2386 1066 2418 istud
1097 2386 1272 2427 oppidum,
1303 2385 1381 2427 quia
1425 2383 1515 2415 aliud
1543 2381 1610 2414 fuit
1643 2382 1678 2413 in

978 2437 1171 2477 Campania.

1021 2490 1085 2518 668
1102 2487 1231 2517 Munda>
1245 2483 1437 2523 sedulitatis]
1454 2482 1596 2514 Duobus
1608 2491 1680 2514 ver-

978 2540 1028 2570 bis
1046 2537 1191 2573 elonium
1205 2546 1271 2576 quo
1288 2545 1370 2575 opus
1388 2539 1462 2566 erat
1479 2533 1636 2565 absolvit.

1021 2591 1085 2618 669
1110 2585 1226 2625 Mitra]
1257 2586 1390 2616 Pileum
1406 2584 1472 2615 fuit
1489 2588 1548 2616 aut
1562 2584 1680 2625 pallio-

978 2639 1046 2669 lum
1064 2636 1225 2667 muliebre
1244 2635 1351 2676 Lydio
1366 2644 1469 2666 more.

1021 2690 1084 2719 672
1110 2685 1223 2726 Copia]
1246 2686 1315 2716 Pro
1339 2695 1422 2716 anus
1443 2690 1556 2716 tamen
1573 2685 1683 2717 tenui-

981 2742 1066 2770 tate.

1023 2789 1085 2820 673
1117 2785 1215 2826 Pace]
1262 2786 1451 2829 Postquam
1487 2784 1522 2818 in
1551 2784 1680 2818 Urbem
