1773 3121
200 243 313 287 1940
690 256 732 285 P.
763 255 918 286 ovmn
954 255 1166 286 NAsoNJs

201 349 309 389 Inde
330 349 430 390 duae
451 348 609 402 pariter
636 348 755 404 (visu
770 349 985 404 mirabile)
1013 351 1172 404 palmae

257 416 466 468 Surgunt.
524 416 596 456 Ex
615 416 703 457 illis
723 416 858 458 altera
879 418 1016 471 major
1034 421 1152 457 erat:

198 482 255 523 Et
273 484 479 534 gravibus
503 484 636 525 ramis
656 487 795 525 totum
815 488 1069 538 protexerat
1090 484 1255 533 orbem,

257 550 594 604 Contigeratque
620 564 736 593 nova
755 552 898 593 sidera
919 565 1088 592 summa
1108 564 1250 592 coma.

199 617 319 658 Ecce
341 631 462 659 meus
481 619 636 659 ferrum
657 624 838 672 patruus
858 619 1032 659 molitur
1051 619 1096 659 in
1115 618 1230 658 illas,
1591 615 1647 656 35

254 684 438 726 Terreor
453 686 689 737 admonitu,
710 699 869 739 corque
886 687 1037 727 timore
1053 687 1200 727 micat.

197 750 361 792 Martia
378 752 512 794 Picus
534 754 631 793 avis
651 755 823 804 gemino
843 766 923 805 pro
944 753 1095 808 stipite
1114 754 1308 805 pugnant

254 818 311 859 Et
329 819 480 872 Lupa:
511 823 603 860 tuta
622 833 702 872 per
720 820 799 858 hos
819 822 998 870 utraque
1019 819 1166 870 palma
1188 818 1284 858 fuit.

198 885 404 926 Dixerat:
434 890 476 926 et
495 886 671 938 plenam
690 897 779 924 non
798 883 934 923 firmis
955 884 1122 923 viribus
1141 896 1292 924 urnam

254 951 458 992 Sustulit.
516 951 741 1003 Implerat,
764 950 868 989 dum
890 961 971 989 sua
989 949 1084 989 visa
1104 949 1248 989 refert.
1590 952 1646 991 40

198 1017 366 1059 Interea
389 1021 610 1058 crescente
634 1016 789 1066 Remo,
812 1019 1036 1056 crescente
1059 1015 1261 1065 Quirino,

253 1084 434 1125 Coelesti
456 1084 646 1124 tumidus
663 1082 852 1136 pondere
873 1085 1017 1122 venter
1031 1085 1137 1123 erat.

197 1150 299 1201 Quo
316 1151 459 1191 minus
479 1151 670 1191 emeritis
694 1149 833 1190 exiret
851 1149 1051 1189 cursibus
1071 1161 1227 1199 annus,

254 1217 499 1258 Restabant
516 1217 657 1257 nitido
674 1216 769 1269 jam
790 1216 875 1256 duo
896 1216 1020 1267 signa
1041 1215 1155 1256 Deo.

194 1356 296 1378 sacros
304 1346 404 1384 socos.
450 1347 525 1378 Inde
547 1346 710 1385 (mirabile
725 1345 815 1384 visu)
838 1347 907 1376 ‹111oe
922 1345 1013 1376 simul
1026 1346 1136 1385 palmae
1151 1345 1312 1376 oriuntur.-
1335 1347 1433 1377 altera
1449 1356 1488 1378 ex
1502 1347 1564 1379 iuis
1576 1351 1645 1379 erat

195 1389 313 1427 major:
336 1393 427 1429 atque
450 1390 572 1428 penitus
597 1390 749 1419 velaverat
775 1391 873 1418 totum
889 1389 1035 1417 mundum
1057 1388 1203 1426 gravibus
1218 1389 1335 1425 rami-§⁸5
1358 1393 1389 1420 et
1403 1389 1576 1429 contigerat
1598 1400 1646 1421 su-

191 1441 299 1471 prema
313 1432 415 1462 sidera
429 1430 642 1467 novasronde.
690 1431 770 1460 Ecce
792 1439 875 1459 meus
897 1432 1027 1468 patruus
1048 1431 1180 1459 intentat
1197 1431 1256 1460 illis
1271 1430 1404 1468 ferrum.
1451 1432 1581 1472 Trepido
1595 1441 1646 1463 re-

192 1475 381 1510 cordatione,
407 1476 437 1502 et
452 1481 502 1502 cor
517 1473 590 1502 sulit
605 1474 697 1501 metu.
744 1470 840 1501 Picus
862 1471 993 1500 volucris
1015 1471 1136 1500 Martia
1161 1476 1189 1501 et
1206 1472 1296 1512 Lupa
1317 1476 1437 1503 certant
1450 1484 1506 1513 pro
1530 1475 1646 1514 duplici

193 1521 320 1547 trunco.-
342 1518 469 1554 utruque
484 1515 584 1553 palma
593 1513 663 1551 fuit
679 1513 798 1543 intucta
809 1523 864 1552 per
879 1513 944 1544 hos.
989 1512 1184 1551 Absolve-at,
1207 1517 1299 1553 atque
1324 1516 1448 1545 sustulit
1463 1525 1521 1546 non
1535 1516 1648 1546 validis

193 1558 310 1588 viribus
325 1567 434 1588 umam
447 1558 567 1596 plenam
580 1567 589 1586 .·
612 1555 789 1595 impleverat
802 1557 874 1585 dum
886 1558 1033 1585 memorat
1046 1565 1102 1585 sua
1114 1556 1188 1586 risa.
1234 1557 1359 1587 Interea
1375 1557 1470 1587 Remo
1481 1561 1646 1597 crescente,

197 1601 330 1635 Quirino
346 1602 508 1638 crescente,
534 1602 639 1629 uterus
656 1598 799 1636 turgebat
823 1607 912 1628 onere
927 1597 1049 1628 coelesti.
1094 1598 1169 1628 Jam
1184 1599 1242 1628 duo
1257 1599 1361 1629 sidera
1381 1603 1562 1640 supererant
1577 1600 1646 1631 Deo

192 1643 362 1682 splendide,
377 1652 433 1682 quo
448 1642 548 1672 minus
562 1651 658 1672 annus
662 1640 816 1681 finiretur
837 1639 974 1671 cursibus
989 1639 1147 1671 absolutis.
1193 1641 1302 1681 Sylvia
1307 1642 1352 1683 fit
1365 1643 1527 1681 genitrix:
1550 1644 1648 1675 simu-

800 1722 1035 1735 eeeeeeeeeeee

193 1782 306 1821 soluta,
319 1782 436 1813 Heius.
449 1781 537 1821 conj.
550 1791 610 1821 pro
624 1782 822 1811 volum—31
840 1780 915 1811 Pat.
927 1780 983 1810 vis.
996 1780 1189 1811 memorabile
1200 1781 1292 1820 palm.
1305 1785 1341 1812 et
1353 1781 1418 1812 duo
1430 1780 1509 1812 libri
1520 1782 1646 1814 misera-

191 1824 347 1855 bila-33
375 1825 436 1855 Be.
454 1828 488 1854 et
507 1831 575 1854 tres
600 1822 655 1854 alii
677 1827 732 1853 tot.
748 1826 927 1862 pertexerat
943 1822 1007 1853 orb.
1025 1823 1154 1854 Arund.
1174 1828 1208 1854 et
1222 1828 1300 1854 octo
1326 1824 1381 1854 alii
1398 1827 1645 1863 proetexerat.—

191 1869 232 1897 34
251 1867 338 1896 Nova
351 1867 583 1897 Maz.Zulicl1.
600 1867 696 1897 Voss.
711 1866 839 1896 Aruud.
855 1870 888 1895 et
903 1869 1048 1905 quatuor
1065 1865 1138 1903 alii;
1163 1866 1253 1905 vulg.
1267 1869 1421 1897 sum—36
1437 1867 1493 1897 Fr.
1513 1868 1644 1898 Torreor

190 1909 369 1940 admonitis.
383 1910 433 1939 Ex
445 1913 528 1939 vett.
542 1908 660 1939 Heius.
675 1907 805 1947 profert
815 1907 1022 1942 admonitum
1034 1908 1149 1937 monitu
1163 1908 1239 1938 edd.
1256 1909 1643 1949 NeapoliS‚etV11lgata².

192 1951 277 1981 Mox
300 1951 394 1981 multi
413 1951 519 1981 Codd.
544 1955 578 1981 ct
603 1950 685 1981 editi
702 1950 770 1980 tim.
794 1953 905 1989 prwet5
928 1950 1026 1979 Voss·
1043 1953 1077 1979 et
1094 1950 1181 1979 Mor.
1207 1950 1303 1984 salit,-
1325 1950 1391 1980 duo
1408 1951 1535 1986 tremit;
1557 1951 1641 1982 Got-

191 1993 302 2032 torpli.
319 1995 503 2023 vacam—37
522 1992 663 2022 Plurimi
680 1993 754 2031 stip.
767 1994 885 2030 pugnat
898 2001 908 2020 .·
924 1991 1002 2021 Jun.
1016 1995 1051 2020 ct
1068 2000 1119 2030 pr.
1133 1991 1174 2020 V.
1191 1994 1427 2030 pugnans—38
1444 1991 1484 2021 Iu
1503 2002 1572 2024 voc.
1588 1993 1642 2024 hos

193 2034 248 2064 Fr.
263 2034 365 2064 habet
380 2035 433 2064 has
449 2044 509 2074 pro
527 2044 597 2065 var.
612 2034 779 2064 lecu-40
793 2033 850 2062 Pr.
866 2033 958 2063 Med.
971 2033 1041 2062 dum
1057 2035 1124 2062 sata
1141 2033 1232 2062 verba
1247 2033 1306 2070 res.
1323 2033 1442 2064 Heius.
1465 2034 1555 2075 conj.
1571 2039 1643 2066 rata

190 2076 257 2106 risa
269 2087 279 2106 .·
302 2076 378 2107 Pet.
395 2087 477 2106 unus
497 2077 599 2107 etiam
615 2086 671 2106 sua
691 2075 879 2105 verbm—44
903 2074 944 2104 P.
970 2075 1008 2104 F.
1034 2079 1068 2105 et
1085 2075 1182 2105 Voss.
1197 2075 1359 2116 Excerpt.
1383 2085 1436 2106 sua
1453 2085 1513 2117 pro
1528 2078 1642 2108 duo.—

843 2159 981 2191 NOTAE

193 2234 304 2274 prium
330 2234 474 2275 insigne,
501 2238 588 2266 utet
612 2236 684 2266 aliis
708 2235 813 2266 cuivis
831 2244 888 2265 uu-
985 2236 1025 2264 34
1047 2234 1150 2274 Nora]
1174 2234 1343 2266 Min-anda.

191 2285 274 2315 mini
312 2285 519 2316 consecratis
561 2295 737 2315 commune
774 2290 861 2315 esset
878 2297 886 2317 :
984 2284 1112 2324 Sidera]
1135 2285 1202 2316 Seu
1221 2285 1261 2316 ad
1280 2284 1403 2316 famam
1422 2284 1565 2324 referas,
1581 2295 1639 2318 seu

192 2336 342 2376 itemque
358 2335 529 2374 pudicitiae
547 2335 795 2366 documentum.
943 2333 983 2364 de
1002 2335 1134 2365 Romuli
1151 2336 1404 2367 consecratione
1420 2336 1602 2376 intelligas.

235 2388 274 2415 31
301 2385 390 2424 Inde]
420 2386 470 2415 Ex
496 2385 579 2415 vitta
605 2386 710 2425 lapsa,
736 2384 887 2425 adeoque
985 2380 1024 2414 35
1050 2384 1203 2424 Patruus]
1227 2385 1393 2425 Amulius,
1417 2386 1474 2426 qui
1498 2386 1640 2417 Remum

193 2435 388 2474 virginitate
407 2441 513 2475 rapta.
942 2438 1044 2474 atque
1062 2435 1238 2465 Romulum
1256 2435 1386 2466 studuit
1403 2435 1560 2475 perdere.

236 2484 369 2523 Palmoe]
393 2485 544 2516 Victores
571 2485 723 2525 intellige
745 2486 887 2517 Remum
985 2486 1025 2513 37
1046 2483 1180 2522 Martia]
1198 2484 1289 2515 Quia
1304 2484 1408 2514 Marti
1425 2493 1520 2514 sacer
1535 2483 1639 2516 Picus

194 2534 449 2574 Romulumque.
943 2532 1025 2570 avis,
1042 2542 1140 2572 quem
1158 2532 1294 2572 quidem
1324 2532 1510 2564 infantibus
1532 2533 1639 2566 Remo

236 2586 277 2614 32
302 2584 420 2623 Major]
443 2585 614 2615 Romulus.
943 2586 1045 2622 atque
1063 2582 1205 2612 Romulo
1221 2581 1369 2612 astitisse
1384 2587 1485 2623 atque
1501 2583 1640 2615 alimen-

237 2635 277 2663 33
313 2634 466 2663 Gruvibus
493 2633 602 2672 ramis]
634 2633 801 2673 Progenie
831 2633 889 2664 soe-
944 2636 977 2662 ta
994 2631 1175 2662 contulisse
1192 2635 1340 2661 testatur
1356 2631 1570 2664 Plutarchus.

196 2682 316 2714 cunda.
985 2681 1117 2720 Stipite]
1143 2681 1272 2720 Palma,
1288 2682 1360 2712 scil.
1377 2686 1533 2723 utraque.

241 2731 366 2772 Totum]
391 2732 479 2765 Quia
495 2733 527 2763 in
545 2743 659 2764 omnes
677 2738 796 2773 gentes
813 2743 887 2774 pro·
987 2734 1027 2762 38
1064 2731 1167 2771 Lupa]
1205 2732 1289 2763 Quae
1318 2731 1504 2765 infantibus
1534 2733 1640 2766 ubera

195 2784 299 2814 latum
316 2784 502 2815 Romanum
521 2783 717 2824 Imperium.
943 2781 1128 2822 praebuisse
1145 2780 1282 2814 dicitur.
