1773 3121
255 196 369 240 1728
740 208 783 239 P.
815 205 973 236 ovinn
1006 204 1222 237 NAsoms

259 437 373 477 FAB.
405 434 522 476 XII.
584 433 812 474 Leucades
833 433 988 473 insulae
1022 437 1113 473 tres
1142 434 1185 474 in
1206 433 1426 475 Montium
1447 432 1636 487 species,
1659 435 1704 474 et

646 500 811 541 Zancle
834 500 977 540 insula
995 500 1040 539 in
1062 500 1315 553 Scopulum.

256 613 350 644 ITEM
369 610 540 643 Leucades
557 609 673 641 insulae
690 615 760 640 tres
781 610 815 640 in
827 610 897 640 salo
917 613 994 640 sunt
1011 617 1114 646 nune,
1132 617 1150 638 a
1163 606 1320 638 fluctibus
1337 607 1415 638 olim
1432 607 1570 638 relictae.
1613 606 1702 638 Item

299 663 435 702 Zancle,
450 662 528 694 olim
550 662 733 702 conjuncta
747 662 869 702 Italiae,
884 671 973 692 nunc
995 660 1084 691 freto
1101 660 1359 692 discriminatur.
1404 660 1503 693 Quod
1520 663 1704 700 propterea

299 717 453 757 contigit,
469 715 557 757 quod
573 716 713 747 Latonae
727 715 821 747 sedes
839 720 891 746 est
908 715 955 746 ibi
972 718 1107 754 negata.

260 813 521 870 LEUCADA
544 831 791 870 continuam
811 833 978 870 veteres
998 829 1185 869 habuere
1206 828 1355 869 coloni
1373 841 1382 868 :

259 894 392 936 Nunc
412 896 518 936 freta
539 897 771 936 circueunt.

832 896 997 936 Zancle
1019 908 1194 948 quoque
1209 895 1361 948 juncta
1376 893 1514 935 fuisse

1619 890 1704 932 290

259 962 433 1002 Dicitur
455 962 595 1002 Italiae
614 976 623 1002 t
655 963 798 1002 donec
819 962 1008 1002 confinia
1027 965 1187 1013 pontus

257 1026 476 1079 Abstulit3
508 1031 550 1068 et
567 1028 713 1068 media
732 1028 928 1069 tellurem
947 1027 1104 1080 repulit
1121 1026 1253 1068 unda.

261 1225 378 1266 FAB.
398 1224 542 1265 XIII.

604 1225 760 1265 Helice
782 1228 825 1264 et
846 1223 976 1265 Buris
997 1224 1163 1277 oppida
1182 1223 1227 1263 in
1247 1223 1469 1276 Scopulos
1491 1223 1704 1270 similiter.

503 1333 642 1364 HELice
657 1338 690 1365 et
710 1334 813 1373 Bura,
827 1333 963 1364 Achaiae
982 1332 1093 1370 urbe&
1110 1337 1213 1373 ponto
1228 1336 1355 1364 voratae
1370 1337 1456 1364 sunt.

259 1417 321 1475 Sl
342 1448 514 1489 quaeras
536 1435 727 1476 Helicen
748 1439 791 1477 et
812 1436 960 1485 Burin,
982 1435 1206 1476 Achaidas
1226 1436 1370 1484 urbes,

260 1501 463 1542 Invenies
483 1503 561 1542 sub
584 1503 735 1555 aquis:
766 1507 808 1544 et
828 1502 974 1543 adhuc
993 1502 1220 1543 ostendere
1239 1505 1382 1543 nautae

258 1567 475 1607 Inclinata
495 1568 636 1608 solent
657 1582 757 1608 cum
776 1569 994 1609 moenibus
1015 1569 1182 1622 oppida
1202 1569 1371 1609 mersis.

1619 1565 1706 1608 295

300 1691 365 1714 xu.
387 1684 519 1724 Antiqui
533 1685 638 1715 incoloe
653 1685 824 1716 habuerunt
837 1685 1008 1716 Leucadem
1030 1686 1242 1726 cohoereniem
1265 1695 1345 1717 nnnc
1358 1686 1457 1717 maria
1480 1684 1706 1726 circumfluunt.

257 1725 370 1756 Zancle
385 1726 479 1756 etiam
495 1728 610 1758 dicitur
622 1727 725 1763 fuisse
739 1738 876 1759 connexa
895 1728 1008 1769 Ῑίαῑὶω,
1030 1730 1123 1760 donec
1140 1739 1223 1759 mare
1236 1728 1374 1769 abripuit
1388 1727 1529 1769 confinia,
1552 1731 1644 1768 atque
1657 1736 1707 1758 re·

257 1768 351 1798 ‘novit
364 1771 480 1799 terram
491 1769 653 1808 interjecta
667 1780 755 1810 aqua.

300 1818 382 1841 1111.
406 1810 443 1841 Si
458 1821 576 1851 quoeras
593 1813 722 1843 Helicen
744 1816 774 1843 et
790 1813 895 1844 Burin
909 1813 1020 1853 oppida
1034 1813 1181 1852 Achaica,
1202 1814 1334 1853 reperies
1347 1813 1404 1845 sub
1418 1812 1527 1854 Μαίη
1549 1815 1581 1844 et
1601 1814 1706 1844 Μαῖα»

255 1853 352 1884 solent
364 1853 461 1885 adhuc
476 1859 646 1886 monstrare
661 1855 748 1886 urbes
762 1856 921 1894 depressas
932 1864 999 1885 cum
1011 1856 1108 1885 muris
1118 1855 1291 1887 submersis.

866 1935 903 1947 ee
908 1935 1040 1946 eeoeoee
1044 1935 1078 1947 eo
1082 1936 1098 1947 e

258 1991 362 2020 —292
385 1989 480 2019 Unus
499 1988 616 2021 Heius.
640 1990 704 2020 tell.
731 1990 846 2031 depulit
871 1991 1051 2022 und—294
1074 1990 1162 2022 Mor.
1188 1999 1272 2022 unus
1292 1991 1409 2022 ostend.
1431 1991 1702 2032 Nympha—295

922 2079 1062 2112 NOTAE

254 2153 312 2185 illa
328 2154 429 2184 turris
451 2154 601 2195 plurimis
623 2155 785 2186 tabulatis
807 2155 951 2194 excelsa,

255 2203 374 2235 eodem
391 2206 535 2244 nomine,
550 2215 650 2246 quam
666 2205 799 2245 quidam
825 2205 953 2236 Sostra·

255 2253 322 2284 tius
339 2253 492 2293 Gnydius
517 2263 577 2294 pro
601 2254 829 2294 navigantium
844 2255 951 2285 salute

260 2305 443 2335 exstruxit.

298 2355 360 2384 288
384 2353 495 2392 Tyros]
545 2353 633 2383 Urbs
662 2352 727 2383 fuit
767 2353 950 2384 Phoeniciae

255 2402 518 2442 opulentissima,
534 2412 608 2442 quae
633 2402 820 2434 Alexandri
832 2403 951 2442 Magni

256 2455 410 2491 tempore
439 2452 547 2481 insula
585 2451 661 2490 fuit,
687 2456 724 2483 ut
761 2462 802 2482 ex
833 2452 950 2483 Curtio

256 2501 397 2541 aliisque
421 2501 539 2540 liquet.
579 2501 687 2531 Hodie
715 2501 779 2532 Sur
799 2507 856 2532 aut
872 2501 951 2532 Som-

256 2549 391 2587 dicssur,
414 2559 603 2590 quanquam
642 2550 674 2580 in
711 2552 814 2581 ruinis
844 2552 952 2590 jacet,

260 2598 324 2629 nisi
363 2598 452 2630 forte
503 2609 621 2640 paucae
668 2606 852 2641 supersunt
893 2602 951 2632 do-

255 2657 341 2679 mus.

298 2699 362 2728 289
383 2697 539 2736 Leucada]
563 2698 662 2729 Nunc
686 2698 793 2729 insula
813 2703 866 2730 est
881 2709 948 2729 ma-

256 2746 300 2777 n's
323 2747 410 2778 Ionii
436 2756 512 2788 quae
535 2747 626 2779 Gall.
649 2747 776 2780 dicitur
789 2750 828 2780 de
841 2748 949 2781 Sainte

1008 2155 1133 2193 Maure,
1149 2155 1254 2194 Epiro
1271 2159 1375 2194 ponte
1390 2155 1504 2195 ligneo
1518 2162 1664 2185 annexa.

1049 2207 1111 2235 290
1127 2204 1254 2244 Zancle]
1271 2205 1429 2235 Messana
1444 2207 1510 2243 est,
1525 2213 1600 2244 quae
1617 2202 1702 2233 Mes-

1006 2254 1070 2284 sine
1094 2254 1183 2285 Gall.
1211 2253 1289 2285 urbs
1316 2254 1455 2293 Siciliae,
1477 2263 1588 2295 quam,
1604 2252 1703 2283 simul

1006 2309 1041 2334 et
1071 2309 1175 2334 totam
1206 2304 1362 2343 insulam,
1387 2309 1510 2344 pontus
1539 2302 1582 2333 ab
1599 2301 1703 2333 Italia

1005 2353 1130 2384 divisit.

1045 2406 1109 2434 292
1131 2402 1275 2443 Repulit]
1313 2404 1374 2434 Uti
1401 2402 1534 2443 quidem
1565 2401 1703 2433 videtur

1004 2453 1133 2484 oculis:
1158 2458 1309 2483 ceterum
1333 2462 1399 2482 non
1423 2452 1558 2492 repulsa
1584 2450 1703 2490 insula,

1005 2501 1064 2533 sed
1092 2511 1169 2542 pars
1190 2510 1230 2532 ea
1260 2506 1360 2532 terrae
1385 2501 1497 2532 ablata
1521 2510 1594 2542 quae
1619 2499 1702 2531 Sici-

1004 2552 1081 2583 liam
1098 2551 1208 2582 Italiae
1227 2551 1473 2582 committebat.

1045 2605 1106 2634 293
1132 2600 1277 2640 Helicen]
1302 2599 1474 2639 Oppidum
1500 2597 1640 2629 Achaiae
1664 2597 1699 2628 in

1004 2662 1063 2683 ora
1093 2652 1181 2682 sinus
1211 2649 1432 2688 Corinthiaci,
1456 2647 1551 2689 aquis
1577 2656 1700 2688 prope·

1003 2701 1137 2732 modum
1152 2699 1360 2740 absorptum.

1046 2748 1166 2789 Burin]
1193 2747 1293 2780 Buris
1322 2756 1382 2779 seu
1409 2747 1502 2778 Bura
1525 2745 1605 2778 urbs
1633 2743 1698 2777 fuit
