<?xml version="1.0" encoding="UTF-8"?>
<!DOCTYPE html PUBLIC "-//W3C//DTD XHTML 1.0 Transitional//EN"
    "http://www.w3.org/TR/xhtml1/DTD/xhtml1-transitional.dtd">
<html xmlns="http://www.w3.org/1999/xhtml" xml:lang="en" lang="en">
 <head>
  <title>
</title>
<meta http-equiv="Content-Type" content="text/html;charset=utf-8" />
  <meta name='ocr-system' content='tesseract 3.04.00' />
  <meta name='ocr-capabilities' content='ocr_page ocr_carea ocr_par ocr_line ocrx_word'/>
</head>
<body>
  <div class='ocr_page' id='page_1' title='image "./operaomniaexedit04oviduoft_0534.png"; bbox 0 0 1773 3121; ppageno 0'>
   <div class='ocr_carea' id='block_1_1' title="bbox 140 203 1105 247">
    <p class='ocr_par' dir='ltr' id='par_1_1' title="bbox 140 203 1105 247">
     <span class='ocr_line' id='line_1_1' title="bbox 140 203 1105 247; baseline -0.006 -1"><span class='ocrx_word' id='word_1_1' title='bbox 140 203 255 247; x_wconf 78' lang='lat'>2152</span> <span class='ocrx_word' id='word_1_2' title='bbox 632 212 673 243; x_wconf 83' lang='lat' dir='ltr'><strong>P.</strong></span> <span class='ocrx_word' id='word_1_3' title='bbox 703 210 862 242; x_wconf 80' lang='lat' dir='ltr'><strong>ovmn</strong></span> <span class='ocrx_word' id='word_1_4' title='bbox 892 208 1105 240; x_wconf 78' lang='lat' dir='ltr'>NASONIS</span> 
     </span>
    </p>
   </div>
   <div class='ocr_carea' id='block_1_2' title="bbox 143 306 1522 1233">
    <p class='ocr_par' dir='ltr' id='par_1_2' title="bbox 143 306 1267 431">
     <span class='ocr_line' id='line_1_2' title="bbox 143 306 1267 365; baseline -0.006 -12"><span class='ocrx_word' id='word_1_5' title='bbox 143 310 282 365; x_wconf 88' lang='lat' dir='ltr'><strong>Regis</strong></span> <span class='ocrx_word' id='word_1_6' title='bbox 304 324 417 365; x_wconf 82' lang='lat' dir='ltr'><strong>opus</strong></span> <span class='ocrx_word' id='word_1_7' title='bbox 435 309 620 364; x_wconf 89' lang='lat' dir='ltr'><strong>placidi,</strong></span> <span class='ocrx_word' id='word_1_8' title='bbox 641 322 728 363; x_wconf 91' lang='lat' dir='ltr'><strong>quo</strong></span> <span class='ocrx_word' id='word_1_9' title='bbox 746 322 833 350; x_wconf 90' lang='lat' dir='ltr'><strong>non</strong></span> <span class='ocrx_word' id='word_1_10' title='bbox 851 308 1108 348; x_wconf 77' lang='lat' dir='ltr'><strong>metuentius</strong></span> <span class='ocrx_word' id='word_1_11' title='bbox 1125 306 1267 347; x_wconf 89' lang='lat' dir='ltr'><strong>ullum</strong></span> 
     </span>
     <span class='ocr_line' id='line_1_3' title="bbox 203 375 1094 431; baseline -0.009 -10"><span class='ocrx_word' id='word_1_12' title='bbox 203 380 409 421; x_wconf 87' lang='lat' dir='ltr'><strong>Numinis</strong></span> <span class='ocrx_word' id='word_1_13' title='bbox 431 378 649 431; x_wconf 85' lang='lat' dir='ltr'><strong>ingenium</strong></span> <span class='ocrx_word' id='word_1_14' title='bbox 670 381 779 418; x_wconf 85' lang='lat' dir='ltr'><strong>terra</strong></span> <span class='ocrx_word' id='word_1_15' title='bbox 797 376 962 418; x_wconf 84' lang='lat' dir='ltr'><strong>Sabina</strong></span> <span class='ocrx_word' id='word_1_16' title='bbox 983 375 1094 415; x_wconf 87' lang='lat' dir='ltr'><strong>tulit.</strong></span> 
     </span>
    </p>

    <p class='ocr_par' dir='ltr' id='par_1_3' title="bbox 146 441 1348 567">
     <span class='ocr_line' id='line_1_4' title="bbox 146 441 1348 498; baseline -0.006 -10"><span class='ocrx_word' id='word_1_17' title='bbox 146 446 260 498; x_wconf 84' lang='lat' dir='ltr'><strong>Quae</strong></span> <span class='ocrx_word' id='word_1_18' title='bbox 282 460 397 487; x_wconf 89' lang='lat' dir='ltr'><strong>nunc</strong></span> <span class='ocrx_word' id='word_1_19' title='bbox 420 458 506 486; x_wconf 88' lang='lat' dir='ltr'><strong>aere</strong></span> <span class='ocrx_word' id='word_1_20' title='bbox 530 445 668 494; x_wconf 83' lang='lat' dir='ltr'><strong>vides,</strong></span> <span class='ocrx_word' id='word_1_21' title='bbox 692 443 862 497; x_wconf 84' lang='lat' dir='ltr'><strong>stipula</strong></span> <span class='ocrx_word' id='word_1_22' title='bbox 883 447 987 484; x_wconf 86' lang='lat' dir='ltr'><strong>tuno</strong></span> <span class='ocrx_word' id='word_1_23' title='bbox 1008 445 1127 483; x_wconf 82' lang='lat' dir='ltr'><strong>tecta</strong></span> <span class='ocrx_word' id='word_1_24' title='bbox 1147 441 1317 483; x_wconf 81' lang='lat' dir='ltr'><strong>videres</strong></span> <span class='ocrx_word' id='word_1_25' title='bbox 1337 453 1348 482; x_wconf 73' lang='grc' dir='ltr'>ε</span> 
     </span>
     <span class='ocr_line' id='line_1_5' title="bbox 202 511 1047 567; baseline -0.004 -13"><span class='ocrx_word' id='word_1_26' title='bbox 202 513 258 555; x_wconf 87' lang='lat' dir='ltr'><strong>Et</strong></span> <span class='ocrx_word' id='word_1_27' title='bbox 277 514 422 567; x_wconf 83' lang='lat' dir='ltr'><strong>paries</strong></span> <span class='ocrx_word' id='word_1_28' title='bbox 442 513 566 553; x_wconf 87' lang='lat' dir='ltr'><strong>lento</strong></span> <span class='ocrx_word' id='word_1_29' title='bbox 586 511 746 553; x_wconf 86' lang='lat' dir='ltr'><strong>vimine</strong></span> <span class='ocrx_word' id='word_1_30' title='bbox 768 514 918 552; x_wconf 83' lang='lat' dir='ltr'><strong>textus</strong></span> <span class='ocrx_word' id='word_1_31' title='bbox 938 513 1047 551; x_wconf 83' lang='lat' dir='ltr'><strong>erat.</strong></span> 
     </span>
    </p>

    <p class='ocr_par' dir='ltr' id='par_1_4' title="bbox 146 575 1234 698">
     <span class='ocr_line' id='line_1_6' title="bbox 146 575 1234 632; baseline -0.005 -10"><span class='ocrx_word' id='word_1_32' title='bbox 146 580 239 622; x_wconf 88' lang='lat' dir='ltr'><strong>Hic</strong></span> <span class='ocrx_word' id='word_1_33' title='bbox 259 581 384 621; x_wconf 84' lang='lat' dir='ltr'><strong>locus</strong></span> <span class='ocrx_word' id='word_1_34' title='bbox 406 580 609 632; x_wconf 83' lang='lat' dir='ltr'><strong>exiguus,</strong></span> <span class='ocrx_word' id='word_1_35' title='bbox 633 579 706 632; x_wconf 91' lang='lat' dir='ltr'><strong>qui</strong></span> <span class='ocrx_word' id='word_1_36' title='bbox 728 577 916 618; x_wconf 85' lang='lat' dir='ltr'><strong>sustinet</strong></span> <span class='ocrx_word' id='word_1_37' title='bbox 931 577 1045 617; x_wconf 85' lang='lat' dir='ltr'><strong>atria</strong></span> <span class='ocrx_word' id='word_1_38' title='bbox 1064 575 1234 626; x_wconf 81' lang='lat' dir='ltr'><strong>Vestae,</strong></span> 
     </span>
     <span class='ocr_line' id='line_1_7' title="bbox 201 644 1135 698; baseline -0.003 -10"><span class='ocrx_word' id='word_1_39' title='bbox 201 648 329 688; x_wconf 86' lang='lat' dir='ltr'><strong>Tunc</strong></span> <span class='ocrx_word' id='word_1_40' title='bbox 346 651 438 688; x_wconf 86' lang='lat' dir='ltr'><strong>erat</strong></span> <span class='ocrx_word' id='word_1_41' title='bbox 458 647 620 687; x_wconf 87' lang='lat' dir='ltr'><strong>intonsi</strong></span> <span class='ocrx_word' id='word_1_42' title='bbox 640 646 760 698; x_wconf 83' lang='lat' dir='ltr'><strong>regia</strong></span> <span class='ocrx_word' id='word_1_43' title='bbox 779 658 934 698; x_wconf 81' lang='lat' dir='ltr'><strong>magna</strong></span> <span class='ocrx_word' id='word_1_44' title='bbox 957 644 1135 685; x_wconf 81' lang='lat' dir='ltr'><strong>Numae.</strong></span> 
     </span>
    </p>

    <p class='ocr_par' dir='ltr' id='par_1_5' title="bbox 146 709 1379 829">
     <span class='ocr_line' id='line_1_8' title="bbox 146 709 1379 765; baseline -0.005 -10"><span class='ocrx_word' id='word_1_45' title='bbox 146 713 308 755; x_wconf 85' lang='lat' dir='ltr'><strong>Forma</strong></span> <span class='ocrx_word' id='word_1_46' title='bbox 328 718 468 755; x_wconf 83' lang='lat' dir='ltr'><strong>tamen</strong></span> <span class='ocrx_word' id='word_1_47' title='bbox 489 713 655 765; x_wconf 90' lang='lat' dir='ltr'><strong>templi,</strong></span> <span class='ocrx_word' id='word_1_48' title='bbox 675 725 778 764; x_wconf 86' lang='lat' dir='ltr'><strong>quae</strong></span> <span class='ocrx_word' id='word_1_49' title='bbox 801 724 913 751; x_wconf 90' lang='lat' dir='ltr'><strong>nunc</strong></span> <span class='ocrx_word' id='word_1_50' title='bbox 933 716 1093 761; x_wconf 84' lang='lat' dir='ltr'><strong>manet,</strong></span> <span class='ocrx_word' id='word_1_51' title='bbox 1115 713 1217 752; x_wconf 83' lang='lat' dir='ltr'><strong>ante</strong></span> <span class='ocrx_word' id='word_1_52' title='bbox 1238 709 1379 750; x_wconf 82' lang='lat' dir='ltr'><strong>fuisse</strong></span> 
     </span>
     <span class='ocr_line' id='line_1_9' title="bbox 204 778 1248 829; baseline -0.004 -7"><span class='ocrx_word' id='word_1_53' title='bbox 204 781 407 825; x_wconf 82' lang='lat' dir='ltr'><strong>Dicitur:</strong></span> <span class='ocrx_word' id='word_1_54' title='bbox 437 784 481 820; x_wconf 86' lang='lat' dir='ltr'><strong>et</strong></span> <span class='ocrx_word' id='word_1_55' title='bbox 498 779 654 818; x_wconf 87' lang='lat' dir='ltr'><strong>formae</strong></span> <span class='ocrx_word' id='word_1_56' title='bbox 677 790 813 817; x_wconf 83' lang='lat' dir='ltr'><strong>causa</strong></span> <span class='ocrx_word' id='word_1_57' title='bbox 834 778 1063 829; x_wconf 84' lang='lat' dir='ltr'><strong>probanda</strong></span> <span class='ocrx_word' id='word_1_58' title='bbox 1084 779 1248 824; x_wconf 82' lang='lat' dir='ltr'><strong>subest.</strong></span> 
     </span>
    </p>

    <p class='ocr_par' dir='ltr' id='par_1_6' title="bbox 144 842 1522 966">
     <span class='ocr_line' id='line_1_10' title="bbox 144 842 1522 896; baseline -0.005 -7"><span class='ocrx_word' id='word_1_59' title='bbox 144 846 286 889; x_wconf 83' lang='lat' dir='ltr'><strong>Vesta</strong></span> <span class='ocrx_word' id='word_1_60' title='bbox 306 845 463 886; x_wconf 87' lang='lat' dir='ltr'><strong>eadem</strong></span> <span class='ocrx_word' id='word_1_61' title='bbox 483 847 563 894; x_wconf 87' lang='lat' dir='ltr'><strong>est,</strong></span> <span class='ocrx_word' id='word_1_62' title='bbox 583 856 683 896; x_wconf 84' lang='lat' dir='ltr'><strong>quae</strong></span> <span class='ocrx_word' id='word_1_63' title='bbox 704 842 842 882; x_wconf 81' lang='lat' dir='ltr'><strong>Terra</strong></span> <span class='ocrx_word' id='word_1_64' title='bbox 859 856 868 883; x_wconf 77' lang='grc' dir='ltr'>ε</span> <span class='ocrx_word' id='word_1_65' title='bbox 900 843 1053 883; x_wconf 87' lang='lat' dir='ltr'><strong>subest</strong></span> <span class='ocrx_word' id='word_1_66' title='bbox 1073 844 1178 895; x_wconf 87' lang='lat' dir='ltr'><strong>vigil</strong></span> <span class='ocrx_word' id='word_1_67' title='bbox 1198 844 1312 896; x_wconf 87' lang='lat' dir='ltr'><strong>ignis</strong></span> <span class='ocrx_word' id='word_1_68' title='bbox 1332 842 1522 896; x_wconf 86' lang='lat' dir='ltr'><strong>utrique.</strong></span> 
     </span>
     <span class='ocr_line' id='line_1_11' title="bbox 203 910 1158 966; baseline -0.004 -12"><span class='ocrx_word' id='word_1_69' title='bbox 203 912 464 966; x_wconf 84' lang='lat' dir='ltr'><strong>Significant</strong></span> <span class='ocrx_word' id='word_1_70' title='bbox 485 911 634 952; x_wconf 87' lang='lat' dir='ltr'><strong>sedem</strong></span> <span class='ocrx_word' id='word_1_71' title='bbox 649 914 760 950; x_wconf 79' lang='lat' dir='ltr'><strong>terra</strong></span> <span class='ocrx_word' id='word_1_72' title='bbox 780 910 996 963; x_wconf 88' lang='lat' dir='ltr'><strong>focusque</strong></span> <span class='ocrx_word' id='word_1_73' title='bbox 1018 922 1158 951; x_wconf 85' lang='lat' dir='ltr'><strong>suam.</strong></span> 
     </span>
    </p>

    <p class='ocr_par' dir='ltr' id='par_1_7' title="bbox 144 976 1128 1100">
     <span class='ocr_line' id='line_1_12' title="bbox 144 976 1124 1032; baseline -0.002 -11"><span class='ocrx_word' id='word_1_74' title='bbox 144 980 280 1021; x_wconf 82' lang='lat' dir='ltr'><strong>Terra</strong></span> <span class='ocrx_word' id='word_1_75' title='bbox 299 980 405 1032; x_wconf 85' lang='lat' dir='ltr'><strong>pilae</strong></span> <span class='ocrx_word' id='word_1_76' title='bbox 430 979 603 1028; x_wconf 85' lang='lat' dir='ltr'><strong>similis,</strong></span> <span class='ocrx_word' id='word_1_77' title='bbox 624 978 744 1018; x_wconf 91' lang='lat' dir='ltr'><strong>nullo</strong></span> <span class='ocrx_word' id='word_1_78' title='bbox 763 976 985 1018; x_wconf 87' lang='lat' dir='ltr'><strong>fulcimine</strong></span> <span class='ocrx_word' id='word_1_79' title='bbox 1004 979 1124 1028; x_wconf 86' lang='lat' dir='ltr'><strong>nixa,</strong></span> 
     </span>
     <span class='ocr_line' id='line_1_13' title="bbox 187 1045 1128 1100; baseline -0.002 -12"><span class='ocrx_word' id='word_1_80' title='bbox 187 1046 320 1088; x_wconf 71' lang='lat' dir='ltr'><strong>‘Aere</strong></span> <span class='ocrx_word' id='word_1_81' title='bbox 341 1047 540 1100; x_wconf 88' lang='lat' dir='ltr'><strong>subjecto</strong></span> <span class='ocrx_word' id='word_1_82' title='bbox 562 1050 650 1086; x_wconf 84' lang='lat' dir='ltr'><strong>tam</strong></span> <span class='ocrx_word' id='word_1_83' title='bbox 671 1058 800 1099; x_wconf 84' lang='lat' dir='ltr'><strong>grave</strong></span> <span class='ocrx_word' id='word_1_84' title='bbox 822 1045 984 1099; x_wconf 88' lang='lat' dir='ltr'><strong>pendet</strong></span> <span class='ocrx_word' id='word_1_85' title='bbox 1003 1059 1128 1087; x_wconf 89' lang='lat' dir='ltr'><strong>onus.</strong></span> 
     </span>
    </p>

    <p class='ocr_par' dir='ltr' id='par_1_8' title="bbox 146 1114 1287 1233">
     <span class='ocr_line' id='line_1_14' title="bbox 146 1114 1155 1168; baseline -0.003 -13"><span class='ocrx_word' id='word_1_86' title='bbox 146 1114 256 1168; x_wconf 83' lang='lat' dir='ltr'><strong>Ipsa</strong></span> <span class='ocrx_word' id='word_1_87' title='bbox 276 1114 530 1155; x_wconf 80' lang='lat' dir='ltr'><strong>volubilitas</strong></span> <span class='ocrx_word' id='word_1_88' title='bbox 549 1114 753 1154; x_wconf 82' lang='lat' dir='ltr'><strong>libratum</strong></span> <span class='ocrx_word' id='word_1_89' title='bbox 775 1114 961 1153; x_wconf 75' lang='lat' dir='ltr'><strong>sustinet</strong></span> <span class='ocrx_word' id='word_1_90' title='bbox 980 1114 1128 1153; x_wconf 85' lang='lat' dir='ltr'><strong>orbem</strong></span> <span class='ocrx_word' id='word_1_91' title='bbox 1146 1126 1155 1153; x_wconf 76' lang='grc' dir='ltr'>ε</span> 
     </span>
     <span class='ocr_line' id='line_1_15' title="bbox 204 1179 1287 1233; baseline 0 -13"><span class='ocrx_word' id='word_1_92' title='bbox 204 1180 381 1233; x_wconf 84' lang='lat' dir='ltr'><strong>Quique</strong></span> <span class='ocrx_word' id='word_1_93' title='bbox 401 1184 575 1233; x_wconf 81' lang='lat' dir='ltr'><strong>premat</strong></span> <span class='ocrx_word' id='word_1_94' title='bbox 595 1183 760 1232; x_wconf 80' lang='lat' dir='ltr'><strong>partes,</strong></span> <span class='ocrx_word' id='word_1_95' title='bbox 783 1180 964 1230; x_wconf 84' lang='lat' dir='ltr'><strong>angulus</strong></span> <span class='ocrx_word' id='word_1_96' title='bbox 986 1179 1127 1219; x_wconf 87' lang='lat' dir='ltr'><strong>omnis</strong></span> <span class='ocrx_word' id='word_1_97' title='bbox 1149 1180 1287 1220; x_wconf 80' lang='lat' dir='ltr'><strong>abest.</strong></span> 
     </span>
    </p>
   </div>
   <div class='ocr_carea' id='block_1_3' title="bbox 1511 371 1597 414">
    <p class='ocr_par' dir='ltr' id='par_1_9' title="bbox 1511 371 1597 414">
     <span class='ocr_line' id='line_1_16' title="bbox 1511 371 1597 414; baseline 0 0"><span class='ocrx_word' id='word_1_98' title='bbox 1511 371 1597 414; x_wconf 73' lang='lat'><strong>260</strong></span> 
     </span>
    </p>
   </div>
   <div class='ocr_carea' id='block_1_4' title="bbox 1510 705 1596 747">
    <p class='ocr_par' dir='ltr' id='par_1_10' title="bbox 1510 705 1596 747">
     <span class='ocr_line' id='line_1_17' title="bbox 1510 705 1596 747; baseline 0 0"><span class='ocrx_word' id='word_1_99' title='bbox 1510 705 1596 747; x_wconf 77' lang='lat'><strong>265</strong></span> 
     </span>
    </p>
   </div>
   <div class='ocr_carea' id='block_1_5' title="bbox 1517 1043 1602 1085">
    <p class='ocr_par' dir='ltr' id='par_1_11' title="bbox 1517 1043 1602 1085">
     <span class='ocr_line' id='line_1_18' title="bbox 1517 1043 1602 1085; baseline -0.012 0"><span class='ocrx_word' id='word_1_100' title='bbox 1517 1043 1602 1085; x_wconf 77' lang='lat'><strong>270</strong></span> 
     </span>
    </p>
   </div>
   <div class='ocr_carea' id='block_1_6' title="bbox 139 1310 1606 1648">
    <p class='ocr_par' dir='ltr' id='par_1_12' title="bbox 139 1310 1606 1648">
     <span class='ocr_line' id='line_1_19' title="bbox 149 1310 1604 1353; baseline -0.001 -9"><span class='ocrx_word' id='word_1_101' title='bbox 149 1314 236 1353; x_wconf 82' lang='lat' dir='ltr'><strong>Opus</strong></span> <span class='ocrx_word' id='word_1_102' title='bbox 254 1312 351 1351; x_wconf 77' lang='lat' dir='ltr'><strong>Regis</strong></span> <span class='ocrx_word' id='word_1_103' title='bbox 366 1312 532 1350; x_wconf 77' lang='lat' dir='ltr'><strong>mansueti,</strong></span> <span class='ocrx_word' id='word_1_104' title='bbox 557 1321 615 1351; x_wconf 82' lang='lat' dir='ltr'><strong>quo</strong></span> <span class='ocrx_word' id='word_1_105' title='bbox 631 1315 717 1342; x_wconf 80' lang='lat' dir='ltr'><strong>terra</strong></span> <span class='ocrx_word' id='word_1_106' title='bbox 732 1310 852 1341; x_wconf 79' lang='lat' dir='ltr'><strong>Sabina</strong></span> <span class='ocrx_word' id='word_1_107' title='bbox 872 1320 933 1340; x_wconf 78' lang='lat' dir='ltr'><strong>non</strong></span> <span class='ocrx_word' id='word_1_108' title='bbox 951 1311 1101 1349; x_wconf 77' lang='lat' dir='ltr'><strong>produxit</strong></span> <span class='ocrx_word' id='word_1_109' title='bbox 1123 1311 1283 1349; x_wconf 77' lang='lat' dir='ltr'><strong>ingenium</strong></span> <span class='ocrx_word' id='word_1_110' title='bbox 1297 1311 1391 1341; x_wconf 81' lang='lat' dir='ltr'><strong>ullum</strong></span> <span class='ocrx_word' id='word_1_111' title='bbox 1413 1310 1604 1342; x_wconf 71' lang='lat' dir='ltr'><strong>reverentius</strong></span> 
     </span>
     <span class='ocr_line' id='line_1_20' title="bbox 147 1352 1604 1392; baseline -0.001 -6"><span class='ocrx_word' id='word_1_112' title='bbox 147 1356 224 1386; x_wconf 75' lang='lat' dir='ltr'><strong>Dei.</strong></span> <span class='ocrx_word' id='word_1_113' title='bbox 272 1355 350 1389; x_wconf 82' lang='lat' dir='ltr'><strong>Quoe</strong></span> <span class='ocrx_word' id='word_1_114' title='bbox 371 1355 472 1385; x_wconf 78' lang='lat' dir='ltr'><strong>cernis</strong></span> <span class='ocrx_word' id='word_1_115' title='bbox 487 1364 565 1384; x_wconf 79' lang='lat' dir='ltr'><strong>nunc</strong></span> <span class='ocrx_word' id='word_1_116' title='bbox 590 1357 674 1384; x_wconf 81' lang='lat' dir='ltr'><strong>tecta</strong></span> <span class='ocrx_word' id='word_1_117' title='bbox 697 1362 773 1391; x_wconf 74' lang='lat' dir='ltr'><strong>cere,</strong></span> <span class='ocrx_word' id='word_1_118' title='bbox 799 1352 928 1382; x_wconf 77' lang='lat' dir='ltr'><strong>vidisses</strong></span> <span class='ocrx_word' id='word_1_119' title='bbox 951 1356 1025 1382; x_wconf 80' lang='lat' dir='ltr'><strong>tunc</strong></span> <span class='ocrx_word' id='word_1_120' title='bbox 1040 1357 1160 1392; x_wconf 85' lang='lat' dir='ltr'><strong>operta</strong></span> <span class='ocrx_word' id='word_1_121' title='bbox 1175 1354 1293 1388; x_wconf 79' lang='lat' dir='ltr'><strong>culm03</strong></span> <span class='ocrx_word' id='word_1_122' title='bbox 1317 1355 1408 1392; x_wconf 81' lang='lat' dir='ltr'><strong>atque</strong></span> <span class='ocrx_word' id='word_1_123' title='bbox 1420 1353 1523 1392; x_wconf 81' lang='lat' dir='ltr'><strong>paries</strong></span> <span class='ocrx_word' id='word_1_124' title='bbox 1536 1356 1604 1384; x_wconf 75' lang='lat' dir='ltr'><strong>erut</strong></span> 
     </span>
     <span class='ocr_line' id='line_1_21' title="bbox 146 1394 1604 1437; baseline -0.001 -9"><span class='ocrx_word' id='word_1_125' title='bbox 146 1397 363 1437; x_wconf 72' lang='lat' dir='ltr'><strong>textusflemz&#39;li</strong></span> <span class='ocrx_word' id='word_1_126' title='bbox 376 1396 502 1427; x_wconf 80' lang='lat' dir='ltr'><strong>vimine.</strong></span> <span class='ocrx_word' id='word_1_127' title='bbox 548 1396 614 1426; x_wconf 81' lang='lat' dir='ltr'><strong>Hic</strong></span> <span class='ocrx_word' id='word_1_128' title='bbox 625 1405 741 1436; x_wconf 80' lang='lat' dir='ltr'><strong>parvus</strong></span> <span class='ocrx_word' id='word_1_129' title='bbox 762 1396 855 1433; x_wconf 80' lang='lat' dir='ltr'><strong>locus,</strong></span> <span class='ocrx_word' id='word_1_130' title='bbox 881 1394 934 1434; x_wconf 81' lang='lat' dir='ltr'><strong>qui</strong></span> <span class='ocrx_word' id='word_1_131' title='bbox 959 1395 1090 1424; x_wconf 80' lang='lat' dir='ltr'><strong>sustinet</strong></span> <span class='ocrx_word' id='word_1_132' title='bbox 1106 1395 1190 1425; x_wconf 79' lang='lat' dir='ltr'><strong>atria</strong></span> <span class='ocrx_word' id='word_1_133' title='bbox 1210 1394 1311 1425; x_wconf 80' lang='lat' dir='ltr'><strong>Vestae</strong></span> <span class='ocrx_word' id='word_1_134' title='bbox 1325 1397 1400 1425; x_wconf 80' lang='lat' dir='ltr'><strong>tunc</strong></span> <span class='ocrx_word' id='word_1_135' title='bbox 1414 1397 1482 1425; x_wconf 79' lang='lat' dir='ltr'><strong>erat</strong></span> <span class='ocrx_word' id='word_1_136' title='bbox 1503 1397 1604 1434; x_wconf 77' lang='lat' dir='ltr'><strong>ampla</strong></span> 
     </span>
     <span class='ocr_line' id='line_1_22' title="bbox 145 1435 1606 1479; baseline -0.001 -9"><span class='ocrx_word' id='word_1_137' title='bbox 145 1440 216 1470; x_wconf 83' lang='lat' dir='ltr'><strong>aula</strong></span> <span class='ocrx_word' id='word_1_138' title='bbox 234 1441 342 1470; x_wconf 78' lang='lat' dir='ltr'><strong>Numa&gt;</strong></span> <span class='ocrx_word' id='word_1_139' title='bbox 355 1438 483 1470; x_wconf 76' lang='lat' dir='ltr'><strong>intonsi.</strong></span> <span class='ocrx_word' id='word_1_140' title='bbox 527 1439 675 1469; x_wconf 80' lang='lat' dir='ltr'><strong>Attamen</strong></span> <span class='ocrx_word' id='word_1_141' title='bbox 689 1437 802 1479; x_wconf 79' lang='lat' dir='ltr'><strong>figura</strong></span> <span class='ocrx_word' id='word_1_142' title='bbox 824 1437 912 1475; x_wconf 74' lang='grc' dir='ltr'><strong>ιεαὶε,</strong></span> <span class='ocrx_word' id='word_1_143' title='bbox 937 1446 1004 1476; x_wconf 79' lang='lat' dir='ltr'><strong>quae</strong></span> <span class='ocrx_word' id='word_1_144' title='bbox 1025 1440 1089 1467; x_wconf 82' lang='lat' dir='ltr'><strong>stat</strong></span> <span class='ocrx_word' id='word_1_145' title='bbox 1112 1437 1213 1476; x_wconf 81' lang='lat' dir='ltr'><strong>hodie,</strong></span> <span class='ocrx_word' id='word_1_146' title='bbox 1238 1436 1355 1467; x_wconf 77' lang='lat' dir='ltr'><strong>dicitur</strong></span> <span class='ocrx_word' id='word_1_147' title='bbox 1377 1436 1466 1476; x_wconf 77' lang='lat' dir='ltr'><strong>prius</strong></span> <span class='ocrx_word' id='word_1_148' title='bbox 1483 1435 1606 1474; x_wconf 79' lang='lat' dir='ltr'><strong>fuisse:</strong></span> 
     </span>
     <span class='ocr_line' id='line_1_23' title="bbox 145 1479 1606 1522; baseline -0.002 -10"><span class='ocrx_word' id='word_1_149' title='bbox 145 1484 235 1521; x_wconf 73' lang='lat' dir='ltr'><strong>atque</strong></span> <span class='ocrx_word' id='word_1_150' title='bbox 250 1481 332 1511; x_wconf 81' lang='lat' dir='ltr'><strong>ratio</strong></span> <span class='ocrx_word' id='word_1_151' title='bbox 337 1481 457 1522; x_wconf 77' lang='lat' dir='ltr'><strong>figura&gt;</strong></span> <span class='ocrx_word' id='word_1_152' title='bbox 472 1491 529 1512; x_wconf 80' lang='lat' dir='ltr'><strong>non</strong></span> <span class='ocrx_word' id='word_1_153' title='bbox 545 1481 770 1511; x_wconf 77' lang='lat' dir='ltr'><strong>contemnenda.</strong></span> <span class='ocrx_word' id='word_1_154' title='bbox 804 1479 897 1510; x_wconf 83' lang='lat' dir='ltr'><strong>Vesta</strong></span> <span class='ocrx_word' id='word_1_155' title='bbox 912 1480 1015 1510; x_wconf 80' lang='lat' dir='ltr'><strong>eadem</strong></span> <span class='ocrx_word' id='word_1_156' title='bbox 1031 1483 1077 1509; x_wconf 84' lang='lat' dir='ltr'><strong>est</strong></span> <span class='ocrx_word' id='word_1_157' title='bbox 1087 1489 1153 1519; x_wconf 84' lang='lat' dir='ltr'><strong>quae</strong></span> <span class='ocrx_word' id='word_1_158' title='bbox 1172 1479 1292 1510; x_wconf 79' lang='lat' dir='ltr'><strong>Tellus:</strong></span> <span class='ocrx_word' id='word_1_159' title='bbox 1317 1479 1400 1518; x_wconf 79' lang='lat' dir='ltr'><strong>ignis</strong></span> <span class='ocrx_word' id='word_1_160' title='bbox 1414 1479 1606 1510; x_wconf 73' lang='lat' dir='ltr'><strong>inextinctus</strong></span> 
     </span>
     <span class='ocr_line' id='line_1_24' title="bbox 145 1520 1605 1563; baseline -0.002 -9"><span class='ocrx_word' id='word_1_161' title='bbox 145 1524 247 1554; x_wconf 72' lang='lat' dir='ltr'><strong>subest</strong></span> <span class='ocrx_word' id='word_1_162' title='bbox 262 1524 393 1563; x_wconf 80' lang='lat' dir='ltr'><strong>utrique.</strong></span> <span class='ocrx_word' id='word_1_163' title='bbox 439 1524 536 1554; x_wconf 80' lang='lat' dir='ltr'><strong>Terra</strong></span> <span class='ocrx_word' id='word_1_164' title='bbox 551 1526 641 1563; x_wconf 81' lang='lat' dir='ltr'><strong>atque</strong></span> <span class='ocrx_word' id='word_1_165' title='bbox 655 1522 747 1561; x_wconf 84' lang='lat' dir='ltr'><strong>focus</strong></span> <span class='ocrx_word' id='word_1_166' title='bbox 773 1522 913 1553; x_wconf 76' lang='lat' dir='ltr'><strong>indicant</strong></span> <span class='ocrx_word' id='word_1_167' title='bbox 935 1523 1036 1552; x_wconf 86' lang='lat' dir='ltr'><strong>sedem</strong></span> <span class='ocrx_word' id='word_1_168' title='bbox 1059 1531 1155 1553; x_wconf 83' lang='lat' dir='ltr'><strong>suam.</strong></span> <span class='ocrx_word' id='word_1_169' title='bbox 1202 1522 1298 1553; x_wconf 79' lang='lat' dir='ltr'><strong>Terra</strong></span> <span class='ocrx_word' id='word_1_170' title='bbox 1313 1521 1424 1552; x_wconf 78' lang='lat' dir='ltr'><strong>similis</strong></span> <span class='ocrx_word' id='word_1_171' title='bbox 1434 1520 1508 1561; x_wconf 81' lang='lat' dir='ltr'><strong>pilae</strong></span> <span class='ocrx_word' id='word_1_172' title='bbox 1523 1522 1605 1552; x_wconf 77' lang='lat' dir='ltr'><strong>mdlo</strong></span> 
     </span>
     <span class='ocr_line' id='line_1_25' title="bbox 139 1563 1606 1605; baseline -0.001 -9"><span class='ocrx_word' id='word_1_173' title='bbox 139 1566 242 1604; x_wconf 79' lang='lat' dir='ltr'><strong>fulcro</strong></span> <span class='ocrx_word' id='word_1_174' title='bbox 256 1569 442 1604; x_wconf 80' lang='lat' dir='ltr'><strong>sustentata,</strong></span> <span class='ocrx_word' id='word_1_175' title='bbox 456 1567 574 1605; x_wconf 79' lang='lat' dir='ltr'><strong>pondus</strong></span> <span class='ocrx_word' id='word_1_176' title='bbox 587 1570 651 1596; x_wconf 82' lang='lat' dir='ltr'><strong>tam</strong></span> <span class='ocrx_word' id='word_1_177' title='bbox 674 1575 820 1604; x_wconf 78' lang='lat' dir='ltr'><strong>magnum</strong></span> <span class='ocrx_word' id='word_1_178' title='bbox 845 1564 981 1594; x_wconf 83' lang='lat' dir='ltr'><strong>libratur</strong></span> <span class='ocrx_word' id='word_1_179' title='bbox 1002 1564 1036 1594; x_wconf 84' lang='lat' dir='ltr'><strong>in</strong></span> <span class='ocrx_word' id='word_1_180' title='bbox 1050 1564 1122 1595; x_wconf 74' lang='lat' dir='ltr'><strong>u‘e‘re</strong></span> <span class='ocrx_word' id='word_1_181' title='bbox 1136 1563 1299 1595; x_wconf 81' lang='lat' dir='ltr'><strong>ambiente.</strong></span> <span class='ocrx_word' id='word_1_182' title='bbox 1343 1563 1416 1604; x_wconf 85' lang='lat' dir='ltr'><strong>Ipsa</strong></span> <span class='ocrx_word' id='word_1_183' title='bbox 1430 1563 1606 1594; x_wconf 75' lang='lat' dir='ltr'><strong>volubilitas</strong></span> 
     </span>
     <span class='ocr_line' id='line_1_26' title="bbox 145 1606 1605 1648; baseline -0.001 -10"><span class='ocrx_word' id='word_1_184' title='bbox 145 1611 297 1640; x_wconf 71' lang='lat' dir='ltr'><strong>sustentat</strong></span> <span class='ocrx_word' id='word_1_185' title='bbox 312 1609 414 1640; x_wconf 84' lang='lat' dir='ltr'><strong>orbem.</strong></span> <span class='ocrx_word' id='word_1_186' title='bbox 429 1609 596 1646; x_wconf 60' lang='lat' dir='ltr'><strong>libranum:</strong></span> <span class='ocrx_word' id='word_1_187' title='bbox 621 1611 651 1639; x_wconf 86' lang='lat' dir='ltr'><strong>et</strong></span> <span class='ocrx_word' id='word_1_188' title='bbox 666 1608 764 1638; x_wconf 74' lang='lat' dir='ltr'><strong>omnis</strong></span> <span class='ocrx_word' id='word_1_189' title='bbox 787 1608 919 1646; x_wconf 75' lang='lat' dir='ltr'><strong>angulus</strong></span> <span class='ocrx_word' id='word_1_190' title='bbox 933 1607 1016 1637; x_wconf 77' lang='lat' dir='ltr'><strong>abest</strong></span> <span class='ocrx_word' id='word_1_191' title='bbox 1038 1607 1091 1647; x_wconf 84' lang='lat' dir='ltr'><strong>qui</strong></span> <span class='ocrx_word' id='word_1_192' title='bbox 1117 1609 1228 1646; x_wconf 78' lang='lat' dir='ltr'><strong>urgeat</strong></span> <span class='ocrx_word' id='word_1_193' title='bbox 1247 1609 1364 1648; x_wconf 79' lang='lat' dir='ltr'><strong>partes.</strong></span> <span class='ocrx_word' id='word_1_194' title='bbox 1411 1606 1548 1647; x_wconf 80' lang='lat' dir='ltr'><strong>Cumque</strong></span> <span class='ocrx_word' id='word_1_195' title='bbox 1562 1607 1605 1637; x_wconf 76' lang='lat' dir='ltr'><strong>sit</strong></span> 
     </span>
    </p>
   </div>
   <div class='ocr_carea' id='block_1_7' title="bbox 757 1690 991 1701">
    <p class='ocr_par' dir='ltr' id='par_1_13' title="bbox 757 1690 991 1701">
     <span class='ocr_line' id='line_1_27' title="bbox 757 1690 991 1701; baseline 0 0"><span class='ocrx_word' id='word_1_196' title='bbox 757 1690 991 1701; x_wconf 57' lang='lat' dir='ltr'><strong>eeeeeeeeeee</strong></span> 
     </span>
    </p>
   </div>
   <div class='ocr_carea' id='block_1_8' title="bbox 146 1745 1637 2124">
    <p class='ocr_par' dir='ltr' id='par_1_14' title="bbox 146 1745 1637 2124">
     <span class='ocr_line' id='line_1_28' title="bbox 150 1745 1606 1787; baseline -0.001 -10"><span class='ocrx_word' id='word_1_197' title='bbox 150 1746 319 1787; x_wconf 88' lang='lat' dir='ltr'><strong>gendum:</strong></span> <span class='ocrx_word' id='word_1_198' title='bbox 343 1746 436 1777; x_wconf 63' lang='lat' dir='ltr'><strong>Dona</strong></span> <span class='ocrx_word' id='word_1_199' title='bbox 459 1749 569 1786; x_wconf 78' lang='lat' dir='ltr'><strong>quater</strong></span> <span class='ocrx_word' id='word_1_200' title='bbox 592 1757 634 1777; x_wconf 83' lang='lat' dir='ltr'><strong>m.</strong></span> <span class='ocrx_word' id='word_1_201' title='bbox 658 1745 770 1777; x_wconf 82' lang='lat' dir='ltr'><strong>abiisse</strong></span> <span class='ocrx_word' id='word_1_202' title='bbox 790 1746 919 1786; x_wconf 81' lang='lat' dir='ltr'><strong>Palilia,</strong></span> <span class='ocrx_word' id='word_1_203' title='bbox 940 1755 1052 1776; x_wconf 81' lang='lat' dir='ltr'><strong>numen</strong></span> <span class='ocrx_word' id='word_1_204' title='bbox 1064 1746 1101 1776; x_wconf 88' lang='lat' dir='ltr'><strong>C.</strong></span> <span class='ocrx_word' id='word_1_205' title='bbox 1122 1745 1152 1784; x_wconf 91' lang='lat' dir='ltr'><strong>f.</strong></span> <span class='ocrx_word' id='word_1_206' title='bbox 1173 1755 1198 1777; x_wconf 88' lang='lat' dir='ltr'><strong>c.</strong></span> <span class='ocrx_word' id='word_1_207' title='bbox 1223 1746 1288 1777; x_wconf 83' lang='lat' dir='ltr'><strong>oede</strong></span> <span class='ocrx_word' id='word_1_208' title='bbox 1312 1755 1340 1776; x_wconf 86' lang='lat' dir='ltr'><strong>r.</strong></span> <span class='ocrx_word' id='word_1_209' title='bbox 1360 1755 1417 1776; x_wconf 80' lang='lat' dir='ltr'><strong>sua</strong></span> <span class='ocrx_word' id='word_1_210' title='bbox 1441 1747 1606 1776; x_wconf 82' lang='lat' dir='ltr'><strong>est.—259</strong></span> 
     </span>
     <span class='ocr_line' id='line_1_29' title="bbox 148 1787 1605 1830; baseline -0.003 -8"><span class='ocrx_word' id='word_1_211' title='bbox 148 1790 169 1822; x_wconf 87' lang='lat' dir='ltr'>J</span> <span class='ocrx_word' id='word_1_212' title='bbox 175 1799 230 1821; x_wconf 92' lang='lat' dir='ltr'><strong>un.</strong></span> <span class='ocrx_word' id='word_1_213' title='bbox 252 1800 300 1830; x_wconf 85' lang='lat' dir='ltr'><strong>op.</strong></span> <span class='ocrx_word' id='word_1_214' title='bbox 322 1798 379 1829; x_wconf 84' lang='lat' dir='ltr'><strong>quo</strong></span> <span class='ocrx_word' id='word_1_215' title='bbox 394 1799 453 1820; x_wconf 79' lang='lat' dir='ltr'><strong>non</strong></span> <span class='ocrx_word' id='word_1_216' title='bbox 469 1789 583 1829; x_wconf 79' lang='lat' dir='ltr'><strong>placid.</strong></span> <span class='ocrx_word' id='word_1_217' title='bbox 608 1793 741 1820; x_wconf 88' lang='lat' dir='ltr'><strong>mutato</strong></span> <span class='ocrx_word' id='word_1_218' title='bbox 755 1788 882 1820; x_wconf 78' lang='lat' dir='ltr'><strong>ordine.</strong></span> <span class='ocrx_word' id='word_1_219' title='bbox 926 1787 975 1819; x_wconf 86' lang='lat' dir='ltr'><strong>At</strong></span> <span class='ocrx_word' id='word_1_220' title='bbox 993 1789 1034 1820; x_wconf 89' lang='lat' dir='ltr'><strong>A.</strong></span> <span class='ocrx_word' id='word_1_221' title='bbox 1058 1793 1093 1819; x_wconf 87' lang='lat' dir='ltr'><strong>et</strong></span> <span class='ocrx_word' id='word_1_222' title='bbox 1110 1789 1172 1820; x_wconf 92' lang='lat' dir='ltr'><strong>Be.</strong></span> <span class='ocrx_word' id='word_1_223' title='bbox 1186 1788 1343 1829; x_wconf 81' lang='lat' dir='ltr'><strong>placidum</strong></span> <span class='ocrx_word' id='word_1_224' title='bbox 1358 1797 1422 1828; x_wconf 89' lang='lat' dir='ltr'><strong>pro</strong></span> <span class='ocrx_word' id='word_1_225' title='bbox 1436 1787 1605 1827; x_wconf 77' lang='lat' dir='ltr'><strong>placidi.—</strong></span> 
     </span>
     <span class='ocr_line' id='line_1_30' title="bbox 147 1830 1604 1872; baseline -0.002 -9"><span class='ocrx_word' id='word_1_226' title='bbox 147 1835 208 1863; x_wconf 79' lang='lat'><strong>261</strong></span> <span class='ocrx_word' id='word_1_227' title='bbox 233 1832 289 1863; x_wconf 86' lang='lat' dir='ltr'><strong>Sic</strong></span> <span class='ocrx_word' id='word_1_228' title='bbox 316 1832 435 1863; x_wconf 79' lang='lat' dir='ltr'><strong>Heius.</strong></span> <span class='ocrx_word' id='word_1_229' title='bbox 461 1841 504 1862; x_wconf 86' lang='lat' dir='ltr'><strong>ex</strong></span> <span class='ocrx_word' id='word_1_230' title='bbox 527 1832 639 1863; x_wconf 90' lang='lat' dir='ltr'><strong>Ursin.</strong></span> <span class='ocrx_word' id='word_1_231' title='bbox 663 1831 816 1872; x_wconf 87' lang='lat' dir='ltr'><strong>Nauger.</strong></span> <span class='ocrx_word' id='word_1_232' title='bbox 844 1836 879 1862; x_wconf 86' lang='lat' dir='ltr'><strong>et</strong></span> <span class='ocrx_word' id='word_1_233' title='bbox 903 1831 1011 1862; x_wconf 88' lang='lat' dir='ltr'><strong>tribus</strong></span> <span class='ocrx_word' id='word_1_234' title='bbox 1028 1831 1122 1862; x_wconf 87' lang='lat' dir='ltr'><strong>aliis:</strong></span> <span class='ocrx_word' id='word_1_235' title='bbox 1147 1831 1225 1862; x_wconf 91' lang='lat' dir='ltr'><strong>olim</strong></span> <span class='ocrx_word' id='word_1_236' title='bbox 1242 1830 1410 1862; x_wconf 87' lang='lat' dir='ltr'><strong>edebatur</strong></span> <span class='ocrx_word' id='word_1_237' title='bbox 1428 1831 1506 1865; x_wconf 81' lang='lat' dir='ltr'><strong>Quoe</strong></span> <span class='ocrx_word' id='word_1_238' title='bbox 1522 1839 1551 1860; x_wconf 83' lang='lat' dir='ltr'><strong>n.</strong></span> <span class='ocrx_word' id='word_1_239' title='bbox 1566 1839 1604 1860; x_wconf 69' lang='grc' dir='ltr'><strong>ιε.</strong></span> 
     </span>
     <span class='ocr_line' id='line_1_31' title="bbox 146 1871 1606 1914; baseline -0.002 -9"><span class='ocrx_word' id='word_1_240' title='bbox 146 1875 249 1905; x_wconf 77' lang='lat' dir='ltr'><strong>nitent</strong></span> <span class='ocrx_word' id='word_1_241' title='bbox 262 1885 287 1905; x_wconf 79' lang='lat' dir='ltr'><strong>s.</strong></span> <span class='ocrx_word' id='word_1_242' title='bbox 304 1877 328 1905; x_wconf 85' lang='lat' dir='ltr'><strong>t.</strong></span> <span class='ocrx_word' id='word_1_243' title='bbox 345 1877 369 1904; x_wconf 86' lang='lat' dir='ltr'><strong>t.</strong></span> <span class='ocrx_word' id='word_1_244' title='bbox 386 1874 547 1905; x_wconf 75' lang='lat' dir='ltr'><strong>virebant.-</strong></span> <span class='ocrx_word' id='word_1_245' title='bbox 572 1874 706 1914; x_wconf 87' lang='lat' dir='ltr'><strong>plurimi</strong></span> <span class='ocrx_word' id='word_1_246' title='bbox 723 1878 810 1905; x_wconf 82' lang='lat' dir='ltr'><strong>vett.</strong></span> <span class='ocrx_word' id='word_1_247' title='bbox 837 1884 874 1905; x_wconf 69' lang='grc' dir='ltr'><strong>α’.</strong></span> <span class='ocrx_word' id='word_1_248' title='bbox 895 1874 998 1905; x_wconf 78' lang='lat' dir='ltr'><strong>virent</strong></span> <span class='ocrx_word' id='word_1_249' title='bbox 1021 1884 1061 1906; x_wconf 37' lang='lat' dir='ltr'><strong>s..</strong></span> <span class='ocrx_word' id='word_1_250' title='bbox 1078 1874 1170 1905; x_wconf 90' lang='lat' dir='ltr'><strong>Maz.</strong></span> <span class='ocrx_word' id='word_1_251' title='bbox 1197 1873 1325 1905; x_wconf 88' lang='lat' dir='ltr'><strong>Arund.</strong></span> <span class='ocrx_word' id='word_1_252' title='bbox 1341 1879 1376 1903; x_wconf 87' lang='lat' dir='ltr'><strong>et</strong></span> <span class='ocrx_word' id='word_1_253' title='bbox 1396 1872 1531 1913; x_wconf 84' lang='lat' dir='ltr'><strong>plurimi</strong></span> <span class='ocrx_word' id='word_1_254' title='bbox 1547 1871 1606 1903; x_wconf 86' lang='lat' dir='ltr'><strong>alii</strong></span> 
     </span>
     <span class='ocr_line' id='line_1_32' title="bbox 148 1915 1605 1956; baseline -0.001 -9"><span class='ocrx_word' id='word_1_255' title='bbox 148 1916 527 1948; x_wconf 72' lang='lat' dir='ltr'><strong>vides...1·irel1ant.—262</strong></span> <span class='ocrx_word' id='word_1_256' title='bbox 552 1917 715 1948; x_wconf 86' lang='lat' dir='ltr'><strong>Nonnulli</strong></span> <span class='ocrx_word' id='word_1_257' title='bbox 740 1917 814 1947; x_wconf 80' lang='lat' dir='ltr'><strong>vim.</strong></span> <span class='ocrx_word' id='word_1_258' title='bbox 842 1920 941 1948; x_wconf 78' lang='lat' dir='ltr'><strong>tectus</strong></span> <span class='ocrx_word' id='word_1_259' title='bbox 964 1919 1116 1948; x_wconf 57' lang='lat' dir='ltr'><strong>ern—263</strong></span> <span class='ocrx_word' id='word_1_260' title='bbox 1141 1917 1218 1947; x_wconf 85' lang='lat' dir='ltr'><strong>Pet.</strong></span> <span class='ocrx_word' id='word_1_261' title='bbox 1242 1921 1278 1947; x_wconf 87' lang='lat' dir='ltr'><strong>et</strong></span> <span class='ocrx_word' id='word_1_262' title='bbox 1294 1917 1384 1947; x_wconf 90' lang='lat' dir='ltr'><strong>Maz.</strong></span> <span class='ocrx_word' id='word_1_263' title='bbox 1401 1915 1545 1956; x_wconf 78' lang='lat' dir='ltr'><strong>quinum:</strong></span> <span class='ocrx_word' id='word_1_264' title='bbox 1559 1917 1605 1945; x_wconf 86' lang='lat' dir='ltr'><strong>te-</strong></span> 
     </span>
     <span class='ocr_line' id='line_1_33' title="bbox 147 1957 1606 1996; baseline -0.002 -7"><span class='ocrx_word' id='word_1_265' title='bbox 147 1963 199 1989; x_wconf 78' lang='lat' dir='ltr'><strong>net</strong></span> <span class='ocrx_word' id='word_1_266' title='bbox 215 1961 383 1990; x_wconf 59' lang='lat' dir='ltr'><strong>utin—265</strong></span> <span class='ocrx_word' id='word_1_267' title='bbox 409 1959 477 1989; x_wconf 91' lang='lat' dir='ltr'><strong>Pro</strong></span> <span class='ocrx_word' id='word_1_268' title='bbox 502 1963 604 1990; x_wconf 76' lang='lat' dir='ltr'><strong>vianet</strong></span> <span class='ocrx_word' id='word_1_269' title='bbox 631 1959 765 1991; x_wconf 87' lang='lat' dir='ltr'><strong>Thuan.</strong></span> <span class='ocrx_word' id='word_1_270' title='bbox 789 1964 825 1990; x_wconf 85' lang='lat' dir='ltr'><strong>et</strong></span> <span class='ocrx_word' id='word_1_271' title='bbox 848 1960 945 1990; x_wconf 56' lang='lat' dir='ltr'><strong>Voss</strong></span> <span class='ocrx_word' id='word_1_272' title='bbox 961 1962 1063 1996; x_wconf 58' lang='lat' dir='ltr'><strong>latet,-</strong></span> <span class='ocrx_word' id='word_1_273' title='bbox 1096 1960 1153 1990; x_wconf 89' lang='lat' dir='ltr'><strong>Fr.</strong></span> <span class='ocrx_word' id='word_1_274' title='bbox 1176 1961 1341 1991; x_wconf 82' lang='lat' dir='ltr'><strong>est.—266</strong></span> <span class='ocrx_word' id='word_1_275' title='bbox 1364 1958 1420 1989; x_wconf 89' lang='lat' dir='ltr'><strong>Fr.</strong></span> <span class='ocrx_word' id='word_1_276' title='bbox 1439 1957 1606 1991; x_wconf 60' lang='lat' dir='ltr'><strong>Creditum</strong></span> 
     </span>
     <span class='ocr_line' id='line_1_34' title="bbox 149 2000 1605 2042; baseline -0.003 -11"><span class='ocrx_word' id='word_1_277' title='bbox 149 2004 190 2031; x_wconf 71' lang='lat' dir='ltr'><strong>et.</strong></span> <span class='ocrx_word' id='word_1_278' title='bbox 214 2002 297 2031; x_wconf 83' lang='lat' dir='ltr'><strong>Mox</strong></span> <span class='ocrx_word' id='word_1_279' title='bbox 316 2001 435 2032; x_wconf 85' lang='lat' dir='ltr'><strong>Heius.</strong></span> <span class='ocrx_word' id='word_1_280' title='bbox 460 2002 557 2032; x_wconf 88' lang='lat' dir='ltr'><strong>malit</strong></span> <span class='ocrx_word' id='word_1_281' title='bbox 578 2001 663 2041; x_wconf 85' lang='lat' dir='ltr'><strong>prob.</strong></span> <span class='ocrx_word' id='word_1_282' title='bbox 685 2011 740 2032; x_wconf 80' lang='lat' dir='ltr'><strong>sua</strong></span> <span class='ocrx_word' id='word_1_283' title='bbox 755 2006 822 2039; x_wconf 86' lang='lat' dir='ltr'><strong>est‚·</strong></span> <span class='ocrx_word' id='word_1_284' title='bbox 855 2002 934 2042; x_wconf 85' lang='lat' dir='ltr'><strong>quia</strong></span> <span class='ocrx_word' id='word_1_285' title='bbox 961 2003 970 2019; x_wconf 85' lang='lat'>‘</span> <span class='ocrx_word' id='word_1_286' title='bbox 989 2001 1114 2033; x_wconf 84' lang='lat' dir='ltr'><strong>subest’</strong></span> <span class='ocrx_word' id='word_1_287' title='bbox 1130 2001 1281 2033; x_wconf 82' lang='lat' dir='ltr'><strong>occurrit</strong></span> <span class='ocrx_word' id='word_1_288' title='bbox 1296 2001 1328 2031; x_wconf 89' lang='lat' dir='ltr'><strong>in</strong></span> <span class='ocrx_word' id='word_1_289' title='bbox 1346 2000 1497 2041; x_wconf 87' lang='lat' dir='ltr'><strong>proximo</strong></span> <span class='ocrx_word' id='word_1_290' title='bbox 1511 2008 1605 2028; x_wconf 87' lang='lat' dir='ltr'><strong>vs.—</strong></span> 
     </span>
     <span class='ocr_line' id='line_1_35' title="bbox 152 2040 1637 2084; baseline -0.002 -11"><span class='ocrx_word' id='word_1_291' title='bbox 152 2045 215 2073; x_wconf 77' lang='lat'><strong>267</strong></span> <span class='ocrx_word' id='word_1_292' title='bbox 243 2043 321 2077; x_wconf 82' lang='lat' dir='ltr'><strong>Quoe</strong></span> <span class='ocrx_word' id='word_1_293' title='bbox 347 2043 467 2073; x_wconf 84' lang='lat' dir='ltr'><strong>Heius.</strong></span> <span class='ocrx_word' id='word_1_294' title='bbox 495 2043 590 2074; x_wconf 88' lang='lat' dir='ltr'><strong>dedit</strong></span> <span class='ocrx_word' id='word_1_295' title='bbox 619 2054 661 2074; x_wconf 82' lang='lat' dir='ltr'><strong>ex</strong></span> <span class='ocrx_word' id='word_1_296' title='bbox 689 2044 803 2075; x_wconf 87' lang='lat' dir='ltr'><strong>Ursin.</strong></span> <span class='ocrx_word' id='word_1_297' title='bbox 829 2049 864 2074; x_wconf 86' lang='lat' dir='ltr'><strong>et</strong></span> <span class='ocrx_word' id='word_1_298' title='bbox 891 2043 1022 2074; x_wconf 88' lang='lat' dir='ltr'><strong>duobus</strong></span> <span class='ocrx_word' id='word_1_299' title='bbox 1035 2044 1110 2074; x_wconf 90' lang='lat' dir='ltr'><strong>aliis</strong></span> <span class='ocrx_word' id='word_1_300' title='bbox 1127 2053 1187 2084; x_wconf 87' lang='lat' dir='ltr'><strong>pro</strong></span> <span class='ocrx_word' id='word_1_301' title='bbox 1203 2044 1294 2083; x_wconf 84' lang='lat' dir='ltr'><strong>vulg.</strong></span> <span class='ocrx_word' id='word_1_302' title='bbox 1309 2044 1458 2073; x_wconf 83' lang='lat' dir='ltr'><strong>et.—270</strong></span> <span class='ocrx_word' id='word_1_303' title='bbox 1481 2040 1603 2071; x_wconf 81' lang='lat' dir='ltr'><strong>Heius.</strong></span> <span class='ocrx_word' id='word_1_304' title='bbox 1634 2052 1637 2054; x_wconf 52' lang='lat'>&gt;</span> 
     </span>
     <span class='ocr_line' id='line_1_36' title="bbox 149 2082 1604 2124; baseline -0.001 -9"><span class='ocrx_word' id='word_1_305' title='bbox 149 2084 298 2116; x_wconf 81' lang='lat' dir='ltr'><strong>malebat</strong></span> <span class='ocrx_word' id='word_1_306' title='bbox 313 2084 392 2122; x_wconf 79' lang='lat' dir='ltr'><strong>subj.</strong></span> <span class='ocrx_word' id='word_1_307' title='bbox 409 2088 787 2124; x_wconf 77' lang='lat' dir='ltr'><strong>quamgrav.-27l—6.</strong></span> <span class='ocrx_word' id='word_1_308' title='bbox 806 2086 853 2116; x_wconf 90' lang='lat' dir='ltr'><strong>Hi</strong></span> <span class='ocrx_word' id='word_1_309' title='bbox 870 2095 930 2116; x_wconf 84' lang='lat' dir='ltr'><strong>sex</strong></span> <span class='ocrx_word' id='word_1_310' title='bbox 944 2094 1059 2116; x_wconf 82' lang='lat' dir='ltr'><strong>versus</strong></span> <span class='ocrx_word' id='word_1_311' title='bbox 1076 2086 1199 2116; x_wconf 82' lang='lat' dir='ltr'><strong>desunt</strong></span> <span class='ocrx_word' id='word_1_312' title='bbox 1215 2084 1321 2116; x_wconf 89' lang='lat' dir='ltr'><strong>Codd.</strong></span> <span class='ocrx_word' id='word_1_313' title='bbox 1340 2082 1554 2124; x_wconf 78' lang='lat' dir='ltr'><strong>quibusdam,</strong></span> <span class='ocrx_word' id='word_1_314' title='bbox 1569 2086 1604 2113; x_wconf 82' lang='lat' dir='ltr'><strong>et</strong></span> 
     </span>
    </p>
   </div>
   <div class='ocr_carea' id='block_1_9' title="bbox 809 2181 947 2214">
    <p class='ocr_par' dir='ltr' id='par_1_15' title="bbox 809 2181 947 2214">
     <span class='ocr_line' id='line_1_37' title="bbox 809 2181 947 2214; baseline -0.007 0"><span class='ocrx_word' id='word_1_315' title='bbox 809 2182 841 2214; x_wconf 93' lang='lat' dir='ltr'>N</span> <span class='ocrx_word' id='word_1_316' title='bbox 847 2181 947 2213; x_wconf 83' lang='lat' dir='ltr'><strong>OTAE</strong></span> 
     </span>
    </p>
   </div>
   <div class='ocr_carea' id='block_1_10' title="bbox 150 2254 852 2396">
    <p class='ocr_par' dir='ltr' id='par_1_16' title="bbox 150 2254 852 2396">
     <span class='ocr_line' id='line_1_38' title="bbox 193 2254 852 2297; baseline 0.002 -11"><span class='ocrx_word' id='word_1_317' title='bbox 193 2257 256 2286; x_wconf 80' lang='lat'><strong>259</strong></span> <span class='ocrx_word' id='word_1_318' title='bbox 281 2254 419 2295; x_wconf 82' lang='lat' dir='ltr'><strong>Placidi]</strong></span> <span class='ocrx_word' id='word_1_319' title='bbox 458 2255 542 2286; x_wconf 92' lang='lat' dir='ltr'><strong>Pius</strong></span> <span class='ocrx_word' id='word_1_320' title='bbox 565 2254 710 2297; x_wconf 81' lang='lat' dir='ltr'><strong>namque</strong></span> <span class='ocrx_word' id='word_1_321' title='bbox 738 2257 852 2288; x_wconf 85' lang='lat' dir='ltr'><strong>Numa</strong></span> 
     </span>
     <span class='ocr_line' id='line_1_39' title="bbox 150 2305 852 2347; baseline 0.001 -11"><span class='ocrx_word' id='word_1_322' title='bbox 150 2314 249 2336; x_wconf 83' lang='lat' dir='ltr'><strong>sacra</strong></span> <span class='ocrx_word' id='word_1_323' title='bbox 265 2310 300 2336; x_wconf 87' lang='lat' dir='ltr'><strong>et</strong></span> <span class='ocrx_word' id='word_1_324' title='bbox 316 2305 529 2344; x_wconf 86' lang='lat' dir='ltr'><strong>cerimonias,</strong></span> <span class='ocrx_word' id='word_1_325' title='bbox 545 2315 745 2347; x_wconf 87' lang='lat' dir='ltr'><strong>omnemque</strong></span> <span class='ocrx_word' id='word_1_326' title='bbox 763 2307 852 2338; x_wconf 84' lang='lat' dir='ltr'><strong>Deo-</strong></span> 
     </span>
     <span class='ocr_line' id='line_1_40' title="bbox 153 2355 851 2396; baseline 0.004 -11"><span class='ocrx_word' id='word_1_327' title='bbox 153 2365 225 2386; x_wconf 90' lang='lat' dir='ltr'><strong>rum</strong></span> <span class='ocrx_word' id='word_1_328' title='bbox 238 2355 476 2386; x_wconf 74' lang='lat' dir='ltr'><strong>immortalium</strong></span> <span class='ocrx_word' id='word_1_329' title='bbox 491 2357 635 2396; x_wconf 82' lang='lat' dir='ltr'><strong>cultum,</strong></span> <span class='ocrx_word' id='word_1_330' title='bbox 645 2356 778 2388; x_wconf 87' lang='lat' dir='ltr'><strong>docuit:</strong></span> <span class='ocrx_word' id='word_1_331' title='bbox 802 2357 851 2388; x_wconf 90' lang='lat' dir='ltr'><strong>iu·</strong></span> 
     </span>
    </p>
   </div>
   <div class='ocr_carea' id='block_1_11' title="bbox 152 2404 853 2794">
    <p class='ocr_par' dir='ltr' id='par_1_17' title="bbox 152 2404 852 2486">
     <span class='ocr_line' id='line_1_41' title="bbox 152 2404 852 2447; baseline 0.006 -12"><span class='ocrx_word' id='word_1_332' title='bbox 152 2405 269 2446; x_wconf 84' lang='lat' dir='ltr'><strong>primis</strong></span> <span class='ocrx_word' id='word_1_333' title='bbox 283 2404 395 2435; x_wconf 86' lang='lat' dir='ltr'><strong>focum</strong></span> <span class='ocrx_word' id='word_1_334' title='bbox 407 2407 525 2438; x_wconf 81' lang='lat' dir='ltr'><strong>Vestae</strong></span> <span class='ocrx_word' id='word_1_335' title='bbox 544 2407 727 2447; x_wconf 84' lang='lat' dir='ltr'><strong>virginibus</strong></span> <span class='ocrx_word' id='word_1_336' title='bbox 740 2408 852 2439; x_wconf 83' lang='lat' dir='ltr'><strong>colen-</strong></span> 
     </span>
     <span class='ocr_line' id='line_1_42' title="bbox 152 2454 352 2486; baseline -0.005 0"><span class='ocrx_word' id='word_1_337' title='bbox 152 2455 231 2486; x_wconf 88' lang='lat' dir='ltr'><strong>dum</strong></span> <span class='ocrx_word' id='word_1_338' title='bbox 248 2454 352 2485; x_wconf 84' lang='lat' dir='ltr'><strong>dedit.</strong></span> 
     </span>
    </p>

    <p class='ocr_par' dir='ltr' id='par_1_18' title="bbox 153 2503 853 2696">
     <span class='ocr_line' id='line_1_43' title="bbox 194 2503 853 2547; baseline 0.002 -11"><span class='ocrx_word' id='word_1_339' title='bbox 194 2508 257 2536; x_wconf 82' lang='lat'><strong>260</strong></span> <span class='ocrx_word' id='word_1_340' title='bbox 288 2503 420 2543; x_wconf 83' lang='lat' dir='ltr'><strong>Sabina]</strong></span> <span class='ocrx_word' id='word_1_341' title='bbox 458 2503 569 2545; x_wconf 89' lang='lat' dir='ltr'><strong>Hujus</strong></span> <span class='ocrx_word' id='word_1_342' title='bbox 585 2506 751 2545; x_wconf 81' lang='lat' dir='ltr'><strong>meminit,</strong></span> <span class='ocrx_word' id='word_1_343' title='bbox 775 2507 853 2547; x_wconf 88' lang='lat' dir='ltr'><strong>quia</strong></span> 
     </span>
     <span class='ocr_line' id='line_1_44' title="bbox 153 2554 851 2595; baseline 0 -10"><span class='ocrx_word' id='word_1_344' title='bbox 153 2554 298 2586; x_wconf 80' lang='lat' dir='ltr'><strong>Curibus</strong></span> <span class='ocrx_word' id='word_1_345' title='bbox 335 2554 469 2585; x_wconf 85' lang='lat' dir='ltr'><strong>Sabinis</strong></span> <span class='ocrx_word' id='word_1_346' title='bbox 511 2559 669 2595; x_wconf 79' lang='lat' dir='ltr'><strong>agentem</strong></span> <span class='ocrx_word' id='word_1_347' title='bbox 707 2556 851 2586; x_wconf 84' lang='lat' dir='ltr'><strong>Numam</strong></span> 
     </span>
     <span class='ocr_line' id='line_1_45' title="bbox 153 2603 850 2646; baseline 0 -11"><span class='ocrx_word' id='word_1_348' title='bbox 153 2605 257 2644; x_wconf 88' lang='lat' dir='ltr'><strong>ultro,</strong></span> <span class='ocrx_word' id='word_1_349' title='bbox 287 2603 331 2635; x_wconf 92' lang='lat' dir='ltr'><strong>ob</strong></span> <span class='ocrx_word' id='word_1_350' title='bbox 361 2604 524 2645; x_wconf 86' lang='lat' dir='ltr'><strong>inclytam</strong></span> <span class='ocrx_word' id='word_1_351' title='bbox 547 2605 609 2636; x_wconf 86' lang='lat' dir='ltr'><strong>viri</strong></span> <span class='ocrx_word' id='word_1_352' title='bbox 639 2605 850 2646; x_wconf 85' lang='lat' dir='ltr'><strong>religionem,</strong></span> 
     </span>
     <span class='ocr_line' id='line_1_46' title="bbox 155 2655 364 2696; baseline -0.005 -11"><span class='ocrx_word' id='word_1_353' title='bbox 155 2655 364 2696; x_wconf 79' lang='lat' dir='ltr'><strong>petiverunt.</strong></span> 
     </span>
    </p>

    <p class='ocr_par' dir='ltr' id='par_1_19' title="bbox 156 2704 851 2794">
     <span class='ocr_line' id='line_1_47' title="bbox 196 2704 851 2745; baseline 0.002 -11"><span class='ocrx_word' id='word_1_354' title='bbox 196 2707 255 2735; x_wconf 74' lang='lat'><strong>261</strong></span> <span class='ocrx_word' id='word_1_355' title='bbox 285 2705 361 2739; x_wconf 76' lang='lat' dir='ltr'><strong>Quoe</strong></span> <span class='ocrx_word' id='word_1_356' title='bbox 378 2705 470 2745; x_wconf 80' lang='lat' dir='ltr'><strong>nunc]</strong></span> <span class='ocrx_word' id='word_1_357' title='bbox 514 2704 567 2735; x_wconf 83' lang='lat' dir='ltr'><strong>De</strong></span> <span class='ocrx_word' id='word_1_358' title='bbox 588 2705 703 2736; x_wconf 70' lang='lat' dir='ltr'><strong>Vestae</strong></span> <span class='ocrx_word' id='word_1_359' title='bbox 725 2704 851 2745; x_wconf 87' lang='lat' dir='ltr'><strong>templo</strong></span> 
     </span>
     <span class='ocr_line' id='line_1_48' title="bbox 156 2760 278 2794; baseline -0.008 -8"><span class='ocrx_word' id='word_1_360' title='bbox 156 2760 278 2794; x_wconf 68' lang='lat' dir='ltr'><strong>agitur.</strong></span> 
     </span>
    </p>
   </div>
   <div class='ocr_carea' id='block_1_12' title="bbox 904 2254 1606 2796">
    <p class='ocr_par' dir='ltr' id='par_1_20' title="bbox 904 2254 1606 2498">
     <span class='ocr_line' id='line_1_49' title="bbox 947 2254 1605 2296; baseline -0.003 -8"><span class='ocrx_word' id='word_1_361' title='bbox 947 2260 1009 2288; x_wconf 83' lang='lat'><strong>263</strong></span> <span class='ocrx_word' id='word_1_362' title='bbox 1023 2255 1133 2296; x_wconf 76' lang='lat' dir='ltr'><strong>Atria]</strong></span> <span class='ocrx_word' id='word_1_363' title='bbox 1160 2255 1228 2287; x_wconf 87' lang='lat' dir='ltr'><strong>Ubi</strong></span> <span class='ocrx_word' id='word_1_364' title='bbox 1239 2255 1410 2295; x_wconf 77' lang='lat' dir='ltr'><strong>degebant</strong></span> <span class='ocrx_word' id='word_1_365' title='bbox 1421 2254 1579 2287; x_wconf 82' lang='lat' dir='ltr'><strong>Vestales</strong></span> <span class='ocrx_word' id='word_1_366' title='bbox 1595 2265 1605 2293; x_wconf 87' lang='grc'><strong>;</strong></span> 
     </span>
     <span class='ocr_line' id='line_1_50' title="bbox 906 2304 1604 2348; baseline -0.004 -10"><span class='ocrx_word' id='word_1_367' title='bbox 906 2317 980 2348; x_wconf 81' lang='lat' dir='ltr'><strong>quae</strong></span> <span class='ocrx_word' id='word_1_368' title='bbox 997 2307 1158 2347; x_wconf 79' lang='lat' dir='ltr'><strong>virgines,</strong></span> <span class='ocrx_word' id='word_1_369' title='bbox 1185 2310 1223 2337; x_wconf 90' lang='lat' dir='ltr'><strong>ut</strong></span> <span class='ocrx_word' id='word_1_370' title='bbox 1239 2305 1287 2336; x_wconf 90' lang='lat' dir='ltr'><strong>ait</strong></span> <span class='ocrx_word' id='word_1_371' title='bbox 1313 2304 1456 2345; x_wconf 87' lang='lat' dir='ltr'><strong>Plinius,</strong></span> <span class='ocrx_word' id='word_1_372' title='bbox 1479 2314 1554 2336; x_wconf 85' lang='lat' dir='ltr'><strong>cum</strong></span> <span class='ocrx_word' id='word_1_373' title='bbox 1570 2304 1604 2335; x_wconf 91' lang='lat' dir='ltr'><strong>vi</strong></span> 
     </span>
     <span class='ocr_line' id='line_1_51' title="bbox 904 2355 1606 2395; baseline -0.004 -6"><span class='ocrx_word' id='word_1_374' title='bbox 904 2357 1014 2390; x_wconf 87' lang='lat' dir='ltr'><strong>morbi</strong></span> <span class='ocrx_word' id='word_1_375' title='bbox 1046 2357 1133 2388; x_wconf 89' lang='lat' dir='ltr'><strong>atrio</strong></span> <span class='ocrx_word' id='word_1_376' title='bbox 1163 2356 1280 2387; x_wconf 83' lang='lat' dir='ltr'><strong>Vestae</strong></span> <span class='ocrx_word' id='word_1_377' title='bbox 1307 2355 1477 2387; x_wconf 86' lang='lat' dir='ltr'><strong>excedere</strong></span> <span class='ocrx_word' id='word_1_378' title='bbox 1507 2364 1606 2395; x_wconf 86' lang='lat' dir='ltr'><strong>coge·</strong></span> 
     </span>
     <span class='ocr_line' id='line_1_52' title="bbox 906 2403 1604 2447; baseline -0.006 -8"><span class='ocrx_word' id='word_1_379' title='bbox 906 2408 1042 2447; x_wconf 84' lang='lat' dir='ltr'><strong>bantur,</strong></span> <span class='ocrx_word' id='word_1_380' title='bbox 1059 2412 1288 2438; x_wconf 86' lang='lat' dir='ltr'><strong>matronarum</strong></span> <span class='ocrx_word' id='word_1_381' title='bbox 1315 2414 1406 2436; x_wconf 87' lang='lat' dir='ltr'><strong>curae</strong></span> <span class='ocrx_word' id='word_1_382' title='bbox 1428 2403 1604 2436; x_wconf 80' lang='lat' dir='ltr'><strong>custodiae-</strong></span> 
     </span>
     <span class='ocr_line' id='line_1_53' title="bbox 905 2456 1241 2498; baseline -0.003 -11"><span class='ocrx_word' id='word_1_383' title='bbox 905 2467 969 2498; x_wconf 88' lang='lat' dir='ltr'><strong>que</strong></span> <span class='ocrx_word' id='word_1_384' title='bbox 985 2456 1241 2488; x_wconf 86' lang='lat' dir='ltr'><strong>mandabantur.</strong></span> 
     </span>
    </p>

    <p class='ocr_par' dir='ltr' id='par_1_21' title="bbox 905 2500 1606 2635">
     <span class='ocr_line' id='line_1_54' title="bbox 948 2500 1606 2544; baseline -0.008 -7"><span class='ocrx_word' id='word_1_385' title='bbox 948 2508 1009 2537; x_wconf 79' lang='lat'><strong>265</strong></span> <span class='ocrx_word' id='word_1_386' title='bbox 1037 2505 1113 2540; x_wconf 76' lang='lat' dir='ltr'><strong>Qua&gt;</strong></span> <span class='ocrx_word' id='word_1_387' title='bbox 1137 2504 1230 2544; x_wconf 82' lang='lat' dir='ltr'><strong>nunc]</strong></span> <span class='ocrx_word' id='word_1_388' title='bbox 1262 2502 1432 2543; x_wconf 84' lang='lat' dir='ltr'><strong>Rotunda,</strong></span> <span class='ocrx_word' id='word_1_389' title='bbox 1460 2500 1606 2541; x_wconf 85' lang='lat' dir='ltr'><strong>scilicet,</strong></span> 
     </span>
     <span class='ocr_line' id='line_1_55' title="bbox 906 2553 1606 2594; baseline -0.001 -9"><span class='ocrx_word' id='word_1_390' title='bbox 906 2554 1187 2594; x_wconf 86' lang='lat' dir='ltr'><strong>quemadmodum</strong></span> <span class='ocrx_word' id='word_1_391' title='bbox 1211 2557 1247 2584; x_wconf 87' lang='lat' dir='ltr'><strong>et</strong></span> <span class='ocrx_word' id='word_1_392' title='bbox 1267 2553 1396 2592; x_wconf 84' lang='lat' dir='ltr'><strong>Terrae,</strong></span> <span class='ocrx_word' id='word_1_393' title='bbox 1418 2561 1517 2593; x_wconf 85' lang='lat' dir='ltr'><strong>quam</strong></span> <span class='ocrx_word' id='word_1_394' title='bbox 1541 2553 1606 2584; x_wconf 86' lang='lat' dir='ltr'><strong>Ve-</strong></span> 
     </span>
     <span class='ocr_line' id='line_1_56' title="bbox 905 2604 1290 2635; baseline -0.005 0"><span class='ocrx_word' id='word_1_395' title='bbox 905 2609 993 2635; x_wconf 84' lang='lat' dir='ltr'><strong>stam</strong></span> <span class='ocrx_word' id='word_1_396' title='bbox 1007 2613 1082 2634; x_wconf 83' lang='lat' dir='ltr'><strong>esse</strong></span> <span class='ocrx_word' id='word_1_397' title='bbox 1099 2604 1290 2634; x_wconf 87' lang='lat' dir='ltr'><strong>voluerunt.</strong></span> 
     </span>
    </p>

    <p class='ocr_par' dir='ltr' id='par_1_22' title="bbox 906 2652 1605 2796">
     <span class='ocr_line' id='line_1_57' title="bbox 948 2652 1604 2693; baseline -0.002 -9"><span class='ocrx_word' id='word_1_398' title='bbox 948 2656 1010 2684; x_wconf 78' lang='lat'><strong>267</strong></span> <span class='ocrx_word' id='word_1_399' title='bbox 1048 2652 1195 2693; x_wconf 75' lang='lat' dir='ltr'><strong>Utrique]</strong></span> <span class='ocrx_word' id='word_1_400' title='bbox 1244 2652 1361 2683; x_wconf 73' lang='lat' dir='ltr'><strong>&#39;l‘errae</strong></span> <span class='ocrx_word' id='word_1_401' title='bbox 1395 2662 1470 2693; x_wconf 83' lang='lat' dir='ltr'><strong>quae</strong></span> <span class='ocrx_word' id='word_1_402' title='bbox 1500 2652 1604 2683; x_wconf 82' lang='lat' dir='ltr'><strong>babet</strong></span> 
     </span>
     <span class='ocr_line' id='line_1_58' title="bbox 906 2703 1605 2746; baseline 0.003 -12"><span class='ocrx_word' id='word_1_403' title='bbox 906 2704 998 2744; x_wconf 85' lang='lat' dir='ltr'><strong>Ignis</strong></span> <span class='ocrx_word' id='word_1_404' title='bbox 1013 2704 1227 2743; x_wconf 84' lang='lat' dir='ltr'><strong>elementum,</strong></span> <span class='ocrx_word' id='word_1_405' title='bbox 1239 2709 1340 2745; x_wconf 82' lang='lat' dir='ltr'><strong>atque</strong></span> <span class='ocrx_word' id='word_1_406' title='bbox 1354 2703 1480 2744; x_wconf 58' lang='lat' dir='ltr'><strong>Vestae,</strong></span> <span class='ocrx_word' id='word_1_407' title='bbox 1494 2704 1525 2735; x_wconf 86' lang='lat' dir='ltr'><strong>in</strong></span> <span class='ocrx_word' id='word_1_408' title='bbox 1539 2714 1605 2746; x_wconf 82' lang='lat' dir='ltr'><strong>qua</strong></span> 
     </span>
     <span class='ocr_line' id='line_1_59' title="bbox 907 2754 1238 2796; baseline 0.003 -12"><span class='ocrx_word' id='word_1_409' title='bbox 907 2754 1000 2796; x_wconf 81' lang='lat' dir='ltr'><strong>Ignis</strong></span> <span class='ocrx_word' id='word_1_410' title='bbox 1017 2754 1238 2786; x_wconf 76' lang='lat' dir='ltr'><strong>inextinctus.</strong></span> 
     </span>
    </p>
   </div>
  </div>
 </body>
</html>
