1773 3121
185 238 297 280 1916

669 249 708 280 Ρ.
740 248 898 278 OVIDII
932 245 1144 277 NASONIS

188 343 303 392 Duc,
325 343 400 392 ait,
422 341 478 382 ad
499 341 679 382 Manes:
709 342 832 382 locus
853 341 924 381 ille
945 340 1168 381 silentibus
1189 342 1334 392 aptus.

244 410 463 463 Nympha,
486 408 559 449 sed
582 408 758 448 infernae
783 408 993 462 Nympha
1010 406 1200 460 paludis,
1221 407 1319 447 erit.
1547 405 1633 447 610

186 475 215 516 J
219 488 325 516 ussa
342 475 473 515 Jovis
495 474 625 514 fiunt:
658 476 829 528 accepit
848 475 974 514 lucus
994 478 1158 515 euntes.

243 543 418 583 Dicitur
437 542 515 581 illa
536 541 639 582 duci
660 548 752 582 tum
772 542 992 595 placuisse
1015 541 1126 581 Deo.

185 608 288 650 Vim
311 615 438 663 parat
457 609 551 650 hic:
582 610 704 650 vultu
725 623 803 663 pro
819 611 964 650 verbis
986 609 1059 650 illa
1080 611 1310 661 precatur;

243 676 301 716 Et
319 676 478 717 frustra
496 679 617 716 muto
637 677 783 717 nititur
804 689 878 716 ore
901 676 1036 729 loqui.

189 742 348 795 Fitque
369 744 527 795 gravis,
550 743 829 795 geminosque
846 743 974 795 parit,
996 741 1071 794 qui
1090 740 1285 793 compita
1306 744 1491 792 servant,
1549 739 1636 782 615

245 810 301 850 Et
321 810 501 862 vigilant
519 814 667 849 nostra
687 821 854 860 semper
872 810 917 848 in
937 809 1058 857 urbe,
1080 807 1232 848 Lares.

189 875 391 916 PRoxim
401 887 425 914 A
453 875 623 926 cognati
644 874 795 913 dixere
817 873 1010 913 Caristia
1031 873 1136 921 cari,

247 942 304 982 Et
322 941 442 982 venit
462 940 516 980 ad
538 940 685 980 socias
706 940 834 979 turba
854 939 1103 991 propinqua
1122 937 1278 990 dapes.

189 1008 367 1049 Scilicet
388 1020 414 1046 a
435 1007 626 1055 tumulis,
649 1011 708 1056 et,
730 1006 807 1059 qui
828 1006 1013 1059 periere,
1033 1006 1311 1059 propinquis,

246 1074 449 1115 Protinus
470 1073 525 1114 ad
546 1074 672 1115 vivos
695 1086 775 1114 ora
794 1073 947 1114 referre
965 1072 1119 1126 juvat:
1552 1073 1638 1116 620

190 1198 233 1225 est
249 1193 371 1224 idoneus
382 1193 562 1224 tacentibus.
595 1194 669 1224 Erit
688 1194 848 1234 Nympha,
862 1195 915 1224 secl
933 1193 1078 1233 Nympha
1089 1191 1212 1231 paludis
1227 1190 1361 1231 Stygiae.
1386 1192 1540 1224 Mandata
1551 1193 1642 1225 Jovis

189 1237 396 1268 observamur.
429 1236 531 1266 Lucus
545 1236 658 1275 recepit
671 1236 905 1276 proficiscentes.
930 1235 989 1265 Illa
1003 1235 1120 1264 dicitur
1136 1237 1201 1264 tum
1214 1234 1365 1272 placuisse
1380 1234 1449 1265 Deo
1464 1236 1547 1266 duci.
1572 1236 1640 1267 Hic

190 1279 251 1308 vim
260 1277 343 1316 facit
355 1288 365 1307 .·
383 1278 436 1307 illa
448 1281 517 1307 orat
529 1281 605 1307 nutu
616 1286 673 1317 pro
688 1287 756 1308 voce
768 1288 780 1314 ‚·
802 1281 831 1308 et
846 1277 1042 1316 nequicquam
1054 1275 1211 1306 contendit
1214 1274 1285 1312 fari
1300 1284 1352 1305 ore
1367 1280 1465 1307 muto.
1486 1277 1591 1317 Atque
1593 1277 1640 1319 fit

188 1319 332 1359 gravida,
348 1323 377 1350 et
393 1320 512 1350 emittit
532 1321 629 1350 Lares
640 1320 796 1358 gemellos,
813 1320 865 1359 qui
881 1320 1014 1350 assident
1030 1317 1146 1355 triviis,
1162 1321 1192 1348 et
1208 1317 1341 1356 vigilant
1354 1327 1471 1358 semper
1485 1319 1519 1349 in
1534 1325 1641 1351 nostra

194 1362 285 1394 Urbe.
376 1363 453 1392 Cari
467 1362 591 1400 cognati
604 1363 751 1392 dederunt
775 1371 880 1392 nomen
904 1361 1056 1401 proximis
1073 1360 1229 1398 Caristiis,
1244 1363 1336 1399 atque
1351 1370 1462 1399 agmen
1476 1365 1643 1400 cognatum

190 1405 307 1437 accedit
328 1406 368 1435 ad
383 1403 487 1444 epulas
501 1405 624 1434 amicas.
670 1404 832 1434 Nimirum
853 1407 981 1442 gratum
1005 1405 1051 1433 est
1071 1403 1213 1432 continuo
1239 1402 1340 1432 redire
1361 1403 1402 1433 ad
1428 1404 1608 1444 superstites
1622 1414 1642 1435 α

814 1483 1046 1496 eeeeeeeeeee

193 1539 259 1580 alii,
286 1540 362 1581 [pro
377 1543 465 1571 vocat
477 1539 502 1580 ,·]
530 1540 674 1571 rectius:
700 1544 735 1571 et
751 1550 812 1581 pro
829 1539 936 1579 Eripit
962 1538 1043 1579 huic,
1068 1538 1196 1580 Eripuit
1223 1539 1336 1570 iidem.
1380 1539 1497 1580 Forte,
1517 1540 1644 1571 Mercu-

191 1583 302 1623 riumq.
322 1586 436 1621 monet,
456 1583 563 1613 Ducat
579 1585 613 1613 ut
628 1584 667 1613 ad
692 1584 741 1613 M.
767 1583 818 1613 vel
835 1583 950 1622 etiam,
972 1592 1046 1613 cum
1064 1583 1141 1612 libri
1158 1582 1308 1622 proximo
1325 1581 1546 1613 Pentametro
1564 1592 1644 1614 non·

193 1626 275 1656 nulli
289 1625 448 1663 habeant,
475 1625 651 1665 Nympham
665 1625 729 1656 hoec
743 1624 856 1664 infern.
869 1625 934 1665 legi
952 1625 1070 1664 possit,
1088 1625 1158 1655 Duc
1172 1624 1248 1655 hanc
1262 1626 1303 1655 ad
1320 1625 1370 1655 M.
1384 1626 1423 1664 (l.
1439 1625 1463 1656 τ’.
1480 1635 1506 1656 s.
1533 1625 1642 1667 aptus)

194 1668 381 1708 Nympham,
397 1668 460 1698 ait:
483 1668 594 1704 infern.
620 1667 739 1699 Heius.
785 1668 908 1698 Versus
926 1668 982 1697 ille
1007 1667 1253 1704 scaber-rimam
1277 1667 1330 1697 cui
1355 1677 1415 1698 nos
1441 1669 1644 1699 anctoritate

193 1710 319 1740 codicis
335 1711 391 1741 Fr.
407 1710 641 1749 integritatem
663 1711 885 1748 restituimus,
903 1709 1059 1749 legendo,
1082 1710 1116 1739 in
1145 1709 1356 1749 praecedenti
1380 1713 1480 1750 vocat,
1503 1715 1538 1741 ct
1554 1710 1646 1751 dein,

193 1753 274 1791 Duc,
289 1753 347 1792 ait,
362 1754 402 1783 ad
420 1753 467 1783 M.
493 1754 714 1784 Burm.—6ll
740 1752 808 1783 Alii
824 1763 886 1783 acc.
903 1753 1004 1783 lactus
1020 1754 1212 1782 eunt.—612
1238 1752 1291 1782 Fr.
1307 1753 1376 1783 dac.
1392 1756 1465 1783 tunc:
1477 1753 1558 1793 plac.
1581 1753 1645 1785 Be.

193 1795 296 1825 etiam
311 1795 527 1835 complacuisse
541 1805 613 1826 suo:
635 1795 771 1835 plurimi
800 1804 932 1836 quoque
961 1794 1016 1825 alii
1040 1804 1092 1825 suo
1120 1804 1180 1834 pro
1205 1794 1392 1825 Dea—613
1417 1795 1472 1826 Sic
1495 1805 1539 1826 ex
1559 1795 1644 1827 eod.

194 1837 378 1877 Neapolis:
405 1838 493 1877 vulg.
524 1838 558 1869 V.
572 1841 683 1878 parat:
705 1838 783 1868 hunc
798 1839 877 1868 vult.
901 1837 1192 1877 Gottorpl1.huic;
1216 1846 1298 1867 uuus
1312 1837 1503 1869 hina—616
1517 1836 1646 1878 Scripti

193 1879 330 1918 quidam
345 1884 379 1910 et
396 1880 477 1910 editi
502 1880 534 1910 in
557 1882 622 1910 oea'e
648 1880 792 1911 L.—-618
816 1880 909 1911 Olim
932 1880 1099 1910 edebatur
1124 1881 1164 1909 ad
1187 1879 1284 1909 socios
1309 1882 1331 1910 t.
1349 1889 1382 1918 p.
1402 1880 1507 1916 Deos;
1530 1885 1566 1911 et
1582 1889 1644 1920 pro

194 1922 278 1952 Deos
301 1923 333 1952 in
357 1932 419 1952 uuo
433 1926 547 1961 patres,
571 1923 602 1951 in
619 1923 683 1952 alio
701 1923 799 1952 cibos.-
823 1921 1053 1952 unde'Heins.
1079 1922 1165 1958 conj.
1188 1922 1293 1960 dape-3,
1316 1922 1388 1951 scil.
1411 1922 1644 1961 secias...dapes‚

195 1964 282 2004 quod
300 1974 385 1994 unus
401 1965 493 1995 Med.
511 1968 631 2004 postea
656 1963 989 1995 confirmavit.—-6l9
1013 1963 1052 1993 V,
1068 1962 1131 1993 Sed
1147 1971 1208 2002 pro
1225 1966 1266 1992 et.
1311 1963 1474 2003 Excerpt.
1490 1963 1590 1994 Voss.
1608 1970 1644 1995 et

840 2062 980 2094 NOTAE

193 2135 261 2167 Sed
285 2140 366 2167 nota
380 2145 477 2177 quam
495 2137 600 2168 multa
617 2137 732 2178 paucis
756 2139 891 2179 aperiat

196 2186 339 2227 garrula.

237 2239 298 2267 607
322 2236 492 2277 Intumuit]
522 2237 598 2268 Bile
626 2238 698 2269 scil.
725 2248 768 2269 ex
796 2239 891 2271 Larae

195 2285 333 2317 indicio.
741 2279 744 2282 ’

237 2339 301 2367 610
323 2336 469 2376 Paludis]
491 2337 614 2377 Stygis.

237 2388 299 2416 613
328 2385 439 2425 Vultu]
462 2386 529 2419 Qui
555 2386 690 2427 quidem
715 2397 782 2418 non
808 2388 891 2419 levis

197 2436 295 2466 animi
312 2435 423 2466 index.

237 2488 300 2516 614
325 2485 472 2524 Frustra]
497 2487 582 2518 Quia
599 2497 709 2528 neque
730 2488 894 2530 loquitur,

197 2544 307 2576 neque
325 2536 517 2565 Mercurius
535 2535 694 2567 flectitur.

240 2589 302 2616 615
327 2585 457 2626 Gravis]
477 2586 527 2615 Ex
546 2586 717 2618 Mercurio
734 2586 827 2618 facta
843 2592 893 2618 est

198 2634 351 2676 gravida.

244 2682 401 2724 Compita]
435 2683 564 2722 Trivia;
599 2684 632 2715 in
650 2684 771 2726 quibus
790 2686 893 2717 ctiam

199 2733 335 2775 publice
357 2734 460 2765 Lares
483 2733 702 2776 colebantur;
724 2740 761 2767 ut
776 2741 893 2778 postea

200 2784 399 2816 videbimus.

987 2140 1050 2169 617
1074 2137 1242 2178 Proxima]
1290 2138 1376 2171 Quae
1404 2137 1517 2169 omisit
1545 2142 1644 2170 vetus

946 2188 1145 2225 Romanum,
1163 2188 1378 2218 Constantini
1394 2188 1505 2228 magni
1519 2189 1646 2220 Kalen-

945 2238 1078 2269 darium
1095 2238 1136 2268 ad
1154 2240 1182 2268 8.
1196 2237 1342 2268 Kalend.
1359 2238 1465 2269 Mart.
1483 2237 1646 2278 assignat.

945 2288 1028 2318 Dies
1043 2297 1123 2318 vero
1140 2288 1195 2318 ille
1210 2292 1303 2318 totus
1317 2287 1448 2318 dicatus
1461 2288 1644 2320 conviviis:

945 2338 1034 2368 unde
1051 2342 1085 2369 et
1102 2338 1215 2368 dictus
1232 2337 1375 2369 ‘festum
1394 2338 1593 2378 epularum!

990 2388 1144 2428 Caristia]
1179 2387 1255 2418 Ἀπὸ
1280 2389 1338 2424 τῆς
1362 2386 1504 2428 Χάριτος,
1525 2398 1545 2418 α
1562 2389 1645 2419 Gra·

946 2441 1003 2479 tia,
1043 2439 1136 2470 dicta
1179 2439 1330 2477 Caristia,
1360 2438 1438 2478 quia
1466 2442 1505 2468 ut
1526 2438 1643 2470 Valer.

945 2491 1040 2521 Max.
1069 2489 1186 2528 tradit,
1216 2489 1282 2519 illis
1323 2488 1486 2519 conviviis
1515 2494 1645 2528 praeter

945 2543 1108 2579 cognatos
1128 2542 1164 2568 et
1187 2536 1303 2568 affines
1331 2546 1428 2568 nemo
1455 2538 1646 2579 interpone-

946 2588 1068 2624 batia-3
1094 2591 1145 2626 ut,
1173 2586 1200 2617 si
1224 2596 1298 2626 quae
1321 2586 1411 2617 inter
1434 2589 1644 2621 necessarios

946 2638 1085 2678 querela
1102 2641 1193 2667 esset
1221 2642 1308 2676 orta,
1331 2637 1421 2677 apud
1439 2647 1536 2668 sacra
1552 2648 1645 2670 men-

948 2698 1004 2728 sae,
1029 2694 1063 2718 et
1094 2688 1184 2718 inter
1211 2687 1416 2718 hilaritatem
1447 2689 1645 2730 animorum,
1690 2713 1697 2719 .

946 2737 1135 2768 fautoribus
1154 2736 1355 2769 Concordiae
1386 2737 1558 2780 adhibitis,
1584 2739 1646 2771 tol·

948 2788 1088 2819 leretur.

1767 2749 1771 2766 ι

1766 2818 1768 2847 [
