1773 3121
210 211 326 252 2004
697 220 740 250 P.
772 220 932 250 ovimr
967 219 1182 251 NAsoms

210 317 297 365 An,
321 317 427 371 quia
448 315 704 370 perdomitis
724 315 779 357 ad
797 329 882 358 nos
903 317 1085 370 captiva
1108 315 1297 356 Faliscis

268 384 429 425 Venit:
462 387 504 425 et
522 383 609 424 hoc
629 384 777 437 ipsum
797 384 924 425 litera
943 384 1091 438 prisca
1110 383 1241 424 docet
1254 384 1272 422 ’ἱ

210 451 295 501 An,
316 451 435 504 quod
454 451 590 492 habet
607 452 761 504 legem,
793 452 955 506 capitis
976 465 1076 506 quse
1099 451 1287 504 pendere
1308 461 1467 504 poenas

267 519 339 560 Ex
360 519 435 560 illo
452 519 610 573 jubeat
629 519 748 560 furta
767 525 941 574 reperta
961 521 1092 561 loco?

208 586 249 627 A
274 600 552 640 quacumque
571 588 708 628 trahis
729 589 893 629 ratione
913 588 1146 637 vocabula,
1170 585 1338 636 Pallas,

267 655 354 696 Pro
376 655 581 696 Ducibus
601 656 763 698 nostris
785 655 929 708 aegida
950 667 1122 708 semper
1141 655 1268 695 habe,

208 724 389 763 Summa
409 722 502 764 dies
521 736 545 763 e
564 723 754 777 quinque
771 724 900 764 tubas
917 724 1102 764 lustrare
1125 733 1312 764 canoras

266 789 499 840 Admonet,
518 794 560 831 et
580 790 683 830 forti
705 789 952 830 sacrificare
976 790 1103 830 Deae.

206 856 337 897 Nunc
359 860 486 910 potes
507 856 562 897 ad
582 856 730 896 Solem
753 856 923 896 sublato
942 856 1082 896 dicere
1104 857 1225 897 vultu
1242 870 1253 907 3

264 923 355 964 Hie
371 924 472 964 here
494 923 714 976 Phryxeae
730 923 893 963 vellera
913 924 1072 976 pressit
1093 923 1206 964 ovis.

205 990 455 1031 Seminibus
476 991 604 1031 tostis
623 991 846 1031 sceleratae
867 990 1019 1031 fraude
1038 1003 1242 1032 novercae

262 1058 508 1100 Sustulerat
525 1059 684 1109 nullas,
705 1064 758 1099 ut
778 1059 906 1108 solet,
926 1059 1062 1100 herba
1083 1070 1246 1100 comas,

205 1127 397 1168 Mittitur
418 1126 476 1167 ad
496 1125 711 1179 tripodas,
732 1129 850 1167 certa
870 1127 944 1180 qui
965 1130 1080 1167 sorte
1102 1129 1308 1180 reportet,

264 1193 409 1243 Quam
431 1194 568 1234 sterili
589 1197 714 1234 terrae
737 1193 984 1247 Delphicus
1005 1194 1111 1234 edat
1130 1206 1274 1246 opem.

1582 448 1669 491 845

1581 789 1666 830 850

1582 1126 1667 1168 855

209 1315 342 1346 Faliscis
356 1314 516 1350 snbactis;
539 1317 630 1354 atque
650 1313 741 1344 litera
756 1315 886 1354 antiqua
901 1314 988 1344 docet
1005 1313 1086 1344 istuc
1100 1310 1228 1353 ipsum?
1272 1310 1338 1350 An,
1352 1310 1425 1352 quia
1447 1310 1539 1342 habet
1555 1311 1665 1353 legem,

204 1368 272 1398 quoe
289 1357 399 1397 jubeat
414 1357 507 1395 furta
530 1360 652 1395 reperta
668 1366 706 1386 ea:
722 1366 754 1386 eo
770 1357 833 1385 Ioco
847 1357 1018 1394 persolvere
1031 1365 1137 1396 poenas
1152 1354 1264 1394 capitis
1275 1354 1291 1386 2
1326 1355 1355 1385 A
1372 1363 1558 1394 quacumque
1572 1364 1666 1386 causa

202 1403 295 1431 ducas
309 1400 445 1437 nomina,
462 1408 481 1428 o
499 1399 617 1435 Pallas,
641 1402 710 1428 tene
725 1408 842 1437 semper
857 1398 990 1435 ‹cg-idem
1010 1408 1066 1437 pro
1081 1398 1196 1427 nostris
1211 1396 1362 1428 Ducibus.
1412 1397 1531 1428 Ultima
1545 1397 1611 1428 dies
1625 1407 1667 1428 ea:

203 1444 338 1483 quinque
353 1442 500 1471 hortatur
517 1442 649 1470 lustrare
676 1439 765 1469 tubas
788 1450 923 1477 sonoras,
946 1442 975 1469 et
991 1440 1168 1480 sacrificare
1184 1439 1335 1468 I1ell1'cosoe
1354 1439 1444 1470 Πρω.
1489 1440 1563 1469 Jam
1577 1442 1664 1479 potes

202 1486 303 1515 dicere
322 1483 409 1521 facie
424 1484 505 1513 elata
522 1483 562 1512 ad
578 1482 692 1519 Solem,
712 1482 774 1512 Hic
796 1483 911 1521 pressit
926 1481 993 1512 heri
1009 1482 1119 1512 vellera
1139 1481 1204 1511 ovis
1227 1480 1395 1520 Phryxeoe.
1440 1480 1550 1512 Herba
1564 1481 1665 1512 nullus

200 1537 301 1558 comas
313 1526 518 1566 produxerat,
534 1528 569 1555 nt
580 1524 751 1562 consuevit,
765 1525 931 1555 seminibus
947 1525 1025 1554 ustis
1039 1525 1107 1554 dolo
1123 1523 1252 1561 urfariae
1267 1533 1414 1554 novercoe.
1461 1522 1609 1554 Mittitur
1623 1525 1664 1554 ad

202 1570 343 1609 tripodas
357 1568 409 1609 qui
425 1568 581 1599 renuntiet
597 1571 678 1598 certo
695 1568 829 1608 oraculi),
841 1568 992 1607 quodnam
1006 1567 1175 1598 remedium
1191 1566 1359 1607 Delphicus
1372 1566 1477 1597 doceat
1493 1567 1532 1597 aaz
1547 1570 1665 1598 terram

816 1645 1026 1658 ‘tenne-N&
1030 1647 1049 1657 α·

202 1700 424 1732 Heius—844
448 1698 504 1729 Sic
527 1697 647 1729 Heius.
665 1707 706 1727 ex
720 1697 834 1729 Ursin.
850 1696 982 1728 Arund.
997 1697 1085 1728 Maz.
1105 1700 1139 1727 et
1153 1700 1286 1737 septem
1303 1695 1397 1734 aliis;
1423 1696 1513 1737 vulg.
1527 1695 1664 1738 legeba-

204 1750 258 1775 tur
270 1747 301 1773 et
316 1743 370 1774 lzoc
385 1742 474 1780 signo
491 1741 582 1771 litera
597 1741 699 1780 prima
711 1742 821 1771 docet.-
847 1741 907 1771 Be.
935 1745 971 1770 et
996 1745 1140 1780 quatuor
1165 1749 1240 1770 cum
1258 1749 1310 1779 pr.
1338 1739 1401 1770 Ed.
1423 1736 1547 1778 signum
1571 1741 1664 1773 litera

197 1787 301 1827 prima
313 1797 323 1817 .·
346 1784 541 1816 Pembrocii
556 1783 673 1824 syllaba
687 1784 908 1823 primm—846
932 1783 972 1813 In
989 1783 1043 1814 Fr.
1060 1786 1095 1814 et
1112 1782 1265 1822 plurimis
1287 1782 1360 1813 aliis
1378 1782 1560 1820 Exiliojub.
1575 1783 1663 1815 Mox

199 1832 324 1869 reperta
346 1827 466 1859 Heius.
491 1827 588 1857 dedit
604 1836 646 1856 ex
664 1827 778 1857 Ursin.
808 1826 898 1857 Maz.
927 1836 977 1866 pr.
995 1825 1036 1857 A.
1052 1826 1152 1857 Voss.
1171 1824 1302 1856 Arund.
1325 1828 1360 1856 et
1374 1825 1491 1856 multis
1508 1825 1581 1856 aliis
1597 1836 1662 1866 pro

198 1872 291 1910 vulg.
307 1872 551 1911 recepta.——S49
575 1869 616 1900 In
628 1870 684 1900 Fr.
699 1869 942 1900 tubamcanora:
966 1869 1001 1899 in
1017 1868 1164 1908 vulgatis
1173 1868 1456 1899 tubam...canoram
1468 1879 1478 1899 .·
1501 1867 1534 1898 in
1552 1868 1660 1900 tribus

199 1914 289 1945 Edd.
305 1914 571 1952 tubas...canoras‚
588 1912 677 1952 quod
693 1921 760 1943 non
776 1911 995 1952 rejiciendum
1014 1916 1114 1952 putat
1131 1910 1416 1951 Neapolis.-s50
1437 1910 1551 1942 Ursin.
1570 1911 1660 1943 Μαι.

858 2007 998 2038 NOTAE

955 2081 989 2111 in
1018 2080 1162 2112 Colchos
1192 2079 1285 2118 tulit,
1315 2077 1440 2110 deinde
1470 2077 1504 2109 in
1534 2079 1656 2112 coelum

194 2085 252 2124 jus
277 2083 417 2114 cerebro
444 2083 627 2123 prosiliisse
648 2083 786 2114 dicitur.
807 2083 902 2114 Trita

956 2132 1140 2162 translatus
1168 2134 1239 2161 est:
1265 2130 1356 2170 quod
1378 2130 1470 2161 sidus
1496 2141 1573 2162 cum
1599 2132 1658 2164 Sol

198 2132 327 2164 fabula.

243 2187 304 2215 843
329 2182 476 2222 Faliscis]
501 2183 557 2213 De
582 2182 621 2212 iis
646 2181 820 2212 Hetruriae
841 2191 900 2221 po-

199 2235 300 2277 pulis,
329 2244 511 2275 eorumque
542 2232 719 2264 uberrimis
750 2232 898 2273 pascuis,

196 2286 269 2326 jam
287 2294 381 2325 saepe
396 2284 534 2315 dictum.

241 2338 304 2366 848
327 2335 462 2375 AEgz'da]
486 2334 648 2365 Paratum
677 2333 801 2364 habeas
828 2334 898 2374 cly-

198 2396 301 2427 peum
328 2387 362 2416 in
389 2385 518 2416 Tiberii
542 2389 577 2416 et
598 2385 795 2416 Germanici
811 2386 897 2416 salu-

200 2442 281 2468 tem.

240 2490 303 2519 849
327 2487 427 2518 Tabas
454 2485 604 2525 lustrare]
648 2485 897 2517 Tubilustrium

198 2538 317 2570 ultima
332 2537 389 2567 illa
404 2537 477 2567 dies
500 2537 533 2566 in
559 2536 668 2566 veteri
690 2536 898 2568 Kalendario

198 2588 334 2620 dicitur.
552 2606 572 2621 ..

241 2642 304 2670 850
327 2637 434 2677 Fora]
460 2636 607 2676 Palladi,
624 2636 697 2667 scil.

241 2692 303 2721 851
328 2687 436 2727 Potes]
458 2687 546 2720 Quia
572 2687 627 2718 Sol
645 2687 678 2716 in
705 2685 827 2717 Ariete
844 2689 896 2718 15.

199 2739 371 2772 Kalendas
384 2737 533 2779 Apriles,
546 2747 606 2769 seu
623 2740 674 2768 18.
690 2737 821 2768 Martii.

241 2793 303 2823 852
320 2789 492 2832 Phryxeae]
506 2788 633 2822 Arietis
647 2788 705 2831 qui
720 2789 896 2830 Phryxum

953 2181 1145 2222 ingreditur
1162 2181 1248 2212 veris
1264 2179 1350 2211 facit
1365 2181 1510 2214 initium.

995 2235 1057 2263 853
1081 2231 1274 2270 Seminibus]
1311 2230 1451 2272 Phryxi,
1481 2231 1658 2264 occasione

953 2282 1032 2313 data
1047 2292 1089 2312 ex
1107 2282 1226 2320 ariete,
1243 2281 1391 2312 fabulam
1409 2281 1517 2313 refert
1533 2283 1641 2314 Naso.

997 2332 1112 2373 Tostz's]
1169 2332 1269 2363 Hanc
1304 2331 1398 2372 Inus,
1437 2331 1656 2365 Athamantis

952 2383 1082 2422 uxoris,
1098 2383 1294 2424 Phryxique
1322 2387 1425 2424 atque
1451 2383 1573 2414 Helles
1598 2393 1657 2415 no-

952 2444 1076 2473 vercae,
1092 2433 1277 2475 nequitiam
1288 2433 1362 2474 jam
1379 2443 1482 2473 snpra
1497 2433 1654 2466 vidimus.

950 2485 1058 2517 'rosta
1074 2484 1201 2515 semina
1214 2484 1360 2515 serenda
1370 2484 1515 2522 curavit,
1526 2488 1564 2514 ut
1578 2493 1655 2515 cum

952 2536 1052 2566 nnllae
1079 2539 1212 2574 segetes
1238 2533 1318 2564 inde
1346 2533 1654 2573 progerminarent,

953 2585 1100 2617 adeundi
1122 2584 1251 2615 oraculi
1278 2584 1370 2614 locus
1387 2583 1539 2623 daretur,
1555 2584 1653 2624 cujus

951 2648 1051 2668 suasu
1076 2635 1242 2678 privignis
1265 2635 1407 2666 exitium
1433 2635 1571 2676 impune
1596 2645 1653 2677 pa-

951 2691 1053 2718 raret.

995 2737 1160 2782 Novercoe]
1182 2737 1278 2774 Inus,
1291 2736 1362 2767 scil.

994 2790 1056 2819 854
1083 2787 1126 2820 Ut
1142 2785 1233 2827 solet]
1256 2781 1403 2820 Quando
1420 2789 1534 2820 tamen
1548 2786 1652 2820 since-
