1773 3121
558 257 820 289 FASTORUM
855 257 950 288 Lm.
982 257 1046 289 IV.

1418 250 1532 294 2073

76 349 224 405 thue
245 350 488 404 Syracusas
509 349 798 391 Arethusidas
820 351 1004 393 abstulit
1025 355 1157 397 armis

133 417 362 468 Claudius,
381 422 423 460 et
442 418 557 458 bello
577 421 620 459 te
642 431 818 472 quoque
835 419 966 472 cepit,
989 419 1136 474 Eryx3

75 483 278 526 Carmine
299 485 467 526 vivacis
488 485 640 527 Venus
663 491 728 527 est
748 487 960 528 translata
979 487 1188 543 Sibyllae3

1444 491 1530 534 875

131 551 270 605 Inque
290 565 382 594 suae
404 553 552 606 stirpis
571 555 726 596 maluit
745 556 849 596 urbe
871 554 974 596 coli.

74 617 162 660 Cur
180 620 310 673 igitur
329 619 514 661 Veneris
533 620 689 663 festum
705 621 888 663 Vinalia
910 621 1072 672 dicant,

131 685 367 739 Quaeritis;
398 692 440 729 et
459 701 591 741 quare
612 690 669 730 sit
688 689 716 730 J
721 690 819 730 ovis
838 690 924 730 ista
945 690 1042 731 dies
1060 690 1078 730 Τ

70 753 244 795 Turnus
266 767 321 794 an
341 755 504 796 AEneas
527 755 670 797 Latiae
692 769 821 809 gener
841 761 958 798 esset
978 755 1168 808 Amatae,

126 820 297 862 Bellum
315 826 420 863 erat.

480 821 723 864 Hetruscas
743 822 916 865 Turnus
937 824 1117 877 adoptat
1138 836 1267 878 opes.

1441 825 1526 868 880

71 885 228 929 Clarus
249 893 356 939 erat,
378 890 624 943 sumusque
644 891 765 932 ferox
789 891 1040 932 Mezentius
1061 891 1195 932 armis
1214 905 1223 933 :

128 955 186 996 Et
202 957 273 997 vel
293 969 407 1010 equo
425 951 624 1010 magnus,
646 958 720 999 vel
742 958 852 1012 pede
874 960 1016 1013 major
1033 963 1138 1001 erat.

71 1021 212 1072 Quem
232 1023 386 1065 Rutuli
405 1024 667 1079 Turnusque
687 1026 780 1066 suis
801 1027 1020 1068 asciscere
1043 1030 1211 1068 tentant

127 1090 350 1133 Partibus.

411 1091 526 1134 Haec
548 1097 697 1134 contra
719 1093 810 1134 dux
833 1094 895 1135 ita
914 1088 1092 1134 Tuscus
1112 1095 1174 1135 ait
1193 1108 1204 1135 ;

67 1208 163 1239 armis
176 1209 333 1248 superarit
360 1208 534 1249 Syracusas
556 1210 776 1250 Arethusidas,
799 1214 889 1250 atque
915 1214 946 1241 te
965 1211 1060 1242 etiam
1083 1212 1204 1251 potiens
1227 1215 1272 1243 est
1297 1211 1384 1252 bello,
1412 1213 1529 1252 Eryx,·

74 1249 173 1281 Venus
187 1254 231 1281 est
248 1254 460 1290 transportata
475 1253 611 1282 carmine
631 1252 669 1283 Si

673 1252 762 1292 bylloe
782 1253 941 1291 longoetae,
967 1256 997 1283 et
1022 1254 1133 1284 maluit
1149 1253 1299 1285 celebrari
1314 1255 1347 1285 ὺι
1372 1254 1445 1285 urbe
1464 1264 1529 1284 suae

64 1292 171 1331 prolis.
216 1293 334 1323 Petiaeis
347 1293 541 1332 quamobrem
557 1303 629 1334 ergo
645 1298 750 1326 vocent
759 1294 846 1333 festa
875 1295 1000 1326 Veneris
1021 1295 1158 1335 Vinalia,
1171 1300 1203 1328 et
1224 1306 1319 1337 quare
1335 1297 1397 1327 ista
1408 1297 1473 1328 dies
1487 1295 1531 1327 sit

64 1332 178 1366 Jovie?
222 1334 278 1366 Lis
303 1339 382 1374 erat,
411 1336 572 1367 Turnusne
597 1347 636 1367 an
659 1339 776 1368 AEneas
799 1341 877 1369 esset
890 1347 988 1378 gener
1002 1339 1127 1369 Amatae
1142 1339 1277 1370 Latinae.
1324 1339 1445 1370 Turnus
1458 1348 1530 1369 suas

57 1375 142 1414 facie
157 1376 261 1417 copias
277 1377 463 1409 Hetmwcas.

65 1419 168 1450 clarus
182 1423 249 1450 erat
263 1430 350 1461 equo,
377 1422 424 1451 tel
446 1421 561 1452 clarior
574 1423 662 1462 pede.

509 1380 686 1411 Mezentius
700 1383 768 1411 erat
784 1380 930 1418 illustris,
957 1384 986 1411 et
1010 1391 1098 1421 asper
1123 1383 1221 1412 armis
1235 1382 1355 1422 capiis:
1378 1386 1468 1422 atque
1483 1382 1530 1412 tel

710 1422 810 1458 Quem
827 1423 941 1453 Rutuli
957 1426 1049 1463 atque
1066 1424 1187 1455 Turnus
1200 1424 1343 1455 nitantur
1358 1426 1530 1463 adiungere

64 1462 128 1493 suis
147 1462 300 1502 partibus.
345 1463 425 1494 Dux
452 1464 569 1495 Tuam
593 1465 638 1495 sic
662 1468 769 1496 contra
785 1464 903 1503 satur:
931 1465 1040 1496 Virtus
1053 1476 1119 1498 mea
1143 1476 1202 1497 non
1222 1477 1318 1508 parto
1344 1467 1420 1497 mihi
1441 1469 1504 1497 seat
1518 1476 1528 1496 :

678 1548 794 1560 eeeeee

796 1548 914 1560 cccccc

67 1600 156 1641 vulg.
171 1603 371 1632 tenen—877
397 1602 451 1632 Fr.
469 1601 547 1640 sesi.
570 1603 646 1635 Ven.
674 1603 808 1635 inverso
834 1604 974 1641 ordine;
999 1608 1033 1635 et
1061 1613 1137 1635 mox
1167 1604 1204 1636 V.
1231 1604 1344 1642 dicent,
1370 1607 1404 1634 at
1431 1612 1526 1644 supr.

63 1643 180 1684 script.
198 1644 323 1674 dicant.-
348 1643 386 1674 P.
416 1649 450 1676 et
476 1650 554 1677 octo
581 1646 638 1677 alii
664 1647 886 1678 dicam—8¹18
911 1646 951 1678 Α.
968 1652 1003 1677 et
1016 1648 1059 1677 V.
1076 1648 1112 1678 J.
1125 1647 1183 1678 iste
1211 1648 1362 1678 (ὑὶ-880
1387 1646 1427 1676 In
1451 1654 1526 1676 voc.

65 1685 239 1717 Hetruscas
265 1686 321 1717 Sa.
350 1687 391 1717 Et
406 1687 539 1718 Thuscae
554 1693 653 1720 notat
677 1699 738 1730 pro
755 1698 826 1721 var.
842 1690 921 1721 lect.
946 1690 1027 1720 Mox
1043 1691 1171 1730 adoptat
1189 1694 1240 1720 est
1257 1699 1299 1720 ex
1317 1688 1450 1721 Zulicli.
1468 1688 1526 1719 alii

63 1727 136 1759 fere
174 1738 290 1760 omnes
324 1730 556 1762 adoran—882
594 1732 676 1764 Jun.
711 1732 840 1763 dubium
878 1742 938 1773 pro
969 1742 1118 1771 magnus,·
1155 1732 1245 1763 Mor.
1277 1737 1312 1763 et
1343 1730 1525 1763 Pembroc.

63 1770 280 1803 nullum—883
307 1772 362 1802 Fr.
378 1782 425 1803 su.
452 1773 600 1804 acc-issae
627 1777 704 1806 tent.
728 1779 762 1805 at
779 1785 798 1805 a
813 1784 901 1806 man.
918 1785 985 1806 sec.
1003 1775 1115 1815 priore
1133 1775 1300 1815 scriptura
1317 1783 1424 1814 erasa,
1446 1782 1523 1814 quae

64 1813 199 1845 videtur
214 1813 319 1846 fuisse
344 1819 616 1848 accersere—884
640 1818 783 1858 Septem
801 1817 878 1849 libri
896 1828 911 1849 e
927 1827 988 1859 pro
1004 1817 1094 1855 haec,·
1119 1817 1186 1849 (luo
1211 1818 1274 1849 hos.
1319 1816 1417 1848 Alter
1432 1816 1523 1848 Mor.

720 1923 862 1955 NOTAE

103 1998 166 2027 8⁷2
181 1995 300 2037 Siculo]
315 1997 438 2038 Eryce,
449 1997 656 2038 scilicet,ul›i
669 1998 763 2040 prius

62 2046 176 2077 Venus
191 2046 295 2078 culta.

102 2100 164 2129 8⁷³
188 2097 374 2139 Syracusas]
399 2100 485 2132 Quae
499 2099 585 2130 Urbs
602 2098 665 2131 fuit
678 2099 762 2131 Sici-

61 2147 112 2178 liae
125 2147 342 2188 amplissima.

104 2197 322 2238 Arethusidas]
338 2197 393 2229 Ab
408 2197 579 2230 Arethusa
592 2199 650 2230 illa
662 2199 762 2241 Syra·

60 2248 144 2279 cunii
159 2247 263 2280 fontis
279 2249 441 2290 nympha.

102 2300 163 2329 874
190 2299 352 2339 Claudius]
394 2299 459 2330 Hic
484 2299 647 2331 Claudius
672 2300 763 2330 Mar·

60 2349 165 2380 celius
193 2350 244 2380 vir
266 2348 469 2380 fortissimus
496 2351 553 2391 qui
580 2351 763 2391 Syracusas

61 2399 161 2430 scalis
184 2401 405 2440 expugnavit,
429 2405 463 2431 et
489 2400 573 2432 bene
601 2400 762 2432 adversus

63 2449 291 2482 Hannibalem
318 2451 495 2491 pugnavit,
511 2461 574 2492 per
588 2452 687 2492 liujus
705 2451 762 2483 ‹le-

62 2498 162 2541 nique
180 2500 315 2532 insidias
333 2501 471 2533 cecidit.

104 2552 164 2581 875
185 2552 346 2592 Carmine]
376 2552 465 2584 Pace
493 2557 552 2583 tua
574 2552 696 2592 dicam,
717 2552 761 2583 mi

62 2599 421 2641 0vidi,hanucinaria:
441 2613 515 2633 narn
530 2603 603 2634 liaec
620 2603 761 2634 Veneris

64 2650 154 2681 mdes
172 2660 277 2692 prope
295 2657 424 2692 portam
441 2654 606 2685 Collinam
622 2664 686 2685 non
704 2654 762 2685 de-

62 2701 175 2731 dicata
191 2701 320 2732 monitu
343 2703 500 2734 carminis
515 2704 683 2745 Sibyllini,
700 2704 760 2736 sed

64 2751 155 2781 vovit
184 2755 304 2790 sponte
339 2751 376 2782 L.
410 2752 553 2784 Porcius
587 2754 761 2793 Ligustino

64 2801 162 2841 bello,
188 2800 361 2833 «iudicavit
386 2801 525 2834 Porcius
550 2803 588 2834 L.
614 2805 648 2835 F.
674 2804 761 2837 Lici-

819 1998 907 2037 nius,
924 2002 961 2029 ut
982 2007 1023 2029 ex
1048 1999 1143 2030 Livio
1168 1998 1322 2036 vidimus,
1346 2007 1432 2029 anno
1449 2000 1528 2031 572.

819 2050 945 2082 Fateor
961 2050 1059 2080 aliani
1073 2049 1182 2081 eidem
1193 2049 1319 2081 Veneri
1335 2049 1465 2080 vovisse
1478 2049 1523 2082 Q.

817 2099 958 2131 Fabium
975 2100 1164 2131 Maximum
1186 2100 1284 2140 jussu
1302 2098 1380 2129 libri
1397 2098 1526 2139 fatalis,

816 2150 875 2181 sed
888 2155 968 2182 ante
980 2151 1064 2182 lianc
1078 2151 1223 2191 positam
1235 2151 1330 2181 annis
1340 2152 1392 2182 34.
1408 2149 1525 2182 verba

815 2201 887 2232 haec
901 2206 979 2232 sunt
995 2201 1162 2232 illustriss.
1184 2200 1358 2242 Neapolis.

857 2253 921 2282 876
958 2250 1032 2282 Suae
1054 2250 1177 2292 stirpis]
1223 2251 1312 2284 Quia
1345 2251 1449 2281 Roma
1480 2249 1522 2281 ab

816 2302 931 2333 AEneae
951 2303 1197 2343 pronepotibus
1214 2302 1365 2342 condita,
1380 2301 1436 2343 qui
1450 2300 1522 2342 qui·

817 2353 894 2384 dem
912 2353 1033 2385 AEneas
1046 2355 1190 2385 Veneris
1207 2353 1305 2384 filius.

859 2406 923 2434 879
949 2403 1086 2443 Turnus]
1114 2405 1187 2434 Rex
1206 2403 1419 2434 Rutulorum.

859 2454 997 2495 Amatae]
1020 2455 1105 2487 Quae
1123 2453 1233 2485 Latini
1251 2462 1334 2484 uxor
1350 2451 1522 2483 Laviniam

816 2502 918 2534 filiam
941 2504 1054 2534 Turno
1073 2505 1185 2544 potius
1204 2514 1303 2545 quam
1320 2503 1435 2534 AEneae
1453 2503 1523 2534 col·

817 2554 927 2585 locare
945 2554 1133 2585 maluisset.

859 2608 921 2635 880
946 2604 1085 2646 Bellum]
1116 2604 1217 2638 Quod
1243 2603 1314 2634 fuse
1338 2602 1520 2642 descripsit

817 2654 930 2686 Maro.

858 2708 916 2736 881
946 2705 1134 2746 Mezentius]
1172 2703 1239 2736 Qui
1267 2699 1518 2731 crudelissimus

816 2760 852 2786 et
868 2765 996 2788 summe
1014 2755 1136 2797 impius
1154 2753 1226 2784 Rex
1245 2751 1506 2783 hetruscorum.
