1773 3121
227 207 340 250 2030

710 220 752 250 P.
784 217 942 249 OVIDII
977 216 1190 248 NASONIS

227 314 438 356 Protinus
459 313 691 356 innumerae
713 314 886 356 caedunt
905 315 1050 368 pineta
1070 326 1243 355 secures

287 381 386 431 Illa,
409 382 570 436 quibus
589 382 756 434 fugiens
777 381 931 436 Phryx
952 382 1053 435 pius
1072 394 1180 422 usus
1201 382 1308 421 erat.

230 448 358 490 Mille
378 462 532 489 manus
554 448 734 490 coennt:
766 453 810 489 et
828 449 949 502 picta
970 449 1194 489 coloribus
1216 447 1324 488 ustis

1596 445 1683 488 275

287 516 524 557 Coelestum
544 515 734 557 Matrem
752 528 949 557 concava
969 517 1134 569 puppis
1150 516 1294 556 habet.

231 582 315 623 Illa
337 583 406 623 sui
426 596 502 636 per
522 596 658 636 aquas
679 584 811 624 fertur
831 584 1056 624 tutissima
1076 584 1191 634 nati3

286 649 528 703 Longaque
551 650 769 703 Phryxeae
793 655 950 703 stagna
970 651 1132 691 sororis
1155 650 1275 692 adit:

231 716 552 769 Rhoeteumque
572 729 728 770 rapax,
749 718 964 770 Sigeaque
984 719 1129 758 littora
1146 717 1328 769 transit3

286 784 343 825 Et
363 783 604 833 Tenedum,
625 788 794 823 veteres
817 783 1013 823 Eetionis
1033 797 1153 835 opeS.

1596 781 1681 823 280

231 850 448 904 Cyclades
468 849 710 901 excipiunt,
730 849 878 888 Lesbo
900 853 1008 901 post
1027 854 1144 901 terga
1161 850 1322 900 relicta,

286 916 476 969 Quaque
499 914 710 956 Caristeis
726 915 935 967 frangitur
955 915 1070 955 unda
1088 916 1231 955 vadis.

228 984 406 1025 Transit
426 986 467 1023 et
488 982 695 1030 Icarium,
714 983 865 1035 lapsas
885 982 961 1022 ubi
982 982 1171 1035 perdidit
1191 983 1286 1024 alas

287 1051 455 1099 Icarus,
477 1055 519 1090 et
538 1054 679 1090 vastae
704 1049 883 1090 nomina
903 1048 1009 1089 fecit
1030 1061 1173 1102 aquae.

232 1176 414 1206 exscindam
430 1176 485 1205 illa
498 1175 617 1215 pineta,
643 1175 752 1214 quibus
775 1175 846 1214 pius
862 1174 1021 1214 Phrygius
1038 1173 1170 1213 fugiens
1184 1183 1254 1203 usus
1269 1177 1346 1204 erat.
1390 1174 1482 1205 Mille
1499 1183 1604 1205 manus
1617 1183 1685 1205 con-

233 1218 358 1249 veniunt
370 1228 380 1253 ;
404 1221 495 1257 utque
509 1218 597 1247 navis
607 1227 698 1247 curua
712 1218 794 1256 picta
809 1216 959 1246 coloribus
969 1217 1056 1246 tostis
1068 1220 1151 1246 tenet
1163 1216 1299 1246 Matrem
1313 1216 1463 1247 Deorum.
1490 1217 1550 1248 lua
1564 1217 1687 1248 vehitur

232 1260 422 1290 securissima
436 1269 491 1298 per
504 1269 596 1299 aquus
612 1259 659 1289 sui
673 1259 753 1299 filii,
776 1262 867 1298 utque
883 1259 1059 1295 ingreditur
1079 1259 1222 1296 gurgites
1235 1258 1348 1287 sororis
1363 1258 1519 1298 Phryxeoe
1530 1270 1540 1289 .·
1562 1263 1591 1289 et
1605 1269 1685 1298 prae-

232 1302 400 1332 tei-labitur
418 1302 578 1332 Rhoeteum
592 1311 705 1340 rapax,
725 1305 754 1331 et
771 1301 879 1330 littora
901 1301 1009 1339 Sigen,
1031 1304 1060 1330 et
1080 1301 1217 1330 Tenedon
1233 1300 1361 1330 divitius
1374 1301 1516 1340 antiquus
1531 1300 1684 1331 Eetionis.

235 1344 383 1384 Cyclades
409 1344 580 1383 excipiunt,
605 1343 701 1373 Lesbo
717 1343 826 1373 omissa
841 1353 860 1372 a
875 1346 975 1379 tergo,
998 1346 1026 1372 et
1055 1353 1111 1381 qua
1128 1343 1249 1382 fluctus
1270 1342 1405 1372 mollitur
1420 1343 1506 1373 radis
1522 1343 1684 1373 Caristeis.

233 1385 369 1426 Superat
385 1396 498 1425 quoque
516 1386 665 1424 Icarium,
687 1384 738 1414 ubi
767 1385 874 1414 Icarus
889 1384 995 1414 amisit
1011 1385 1075 1413 ulus
1090 1385 1201 1424 lapsas,
1225 1387 1254 1414 et
1277 1385 1361 1414 dedit
1379 1394 1482 1415 nomen
1500 1385 1572 1415 latae
1586 1394 1684 1425 aquoe.

838 1467 1075 1479 eeeeeeeeeeee

233 1523 298 1552 itm.
315 1520 460 1551 scindunt
476 1521 649 1560 piru—274
674 1521 793 1551 Douza
813 1520 947 1551 volebat
975 1520 1118 1560 apr-ius
1141 1531 1185 1551 us.
1221 1521 1318 1551 Voss.
1343 1520 1526 1560 Gottorph.
1556 1522 1592 1550 et
1617 1518 1685 1550 duo

232 1564 287 1596 alii
299 1565 496 1603 paen—276
519 1562 586 1593 Alii
606 1564 766 1594 Coelestem
783 1563 938 1594 M.—·277
961 1563 1052 1593 Maz.
1066 1563 1146 1601 fert.
1165 1563 1340 1602 justissima
1356 1566 1422 1594 nat.
1439 1568 1474 1593 et
1491 1563 1538 1593 sic
1555 1562 1685 1594 Zulich.

231 1606 329 1636 Voss.
356 1605 486 1636 Arund.
511 1610 546 1636 et
573 1606 638 1636 duo
668 1605 745 1644 alii;
779 1605 844 1635 duo
871 1606 975 1636 etiam
1000 1606 1191 1636 cultissima.-
1226 1606 1343 1637 Heins.
1368 1605 1456 1646 conj.
1473 1604 1685 1635 misam.—

233 1651 297 1679 279
323 1648 435 1687 Rapax
459 1651 511 1678 est
539 1657 579 1678 ex
609 1658 660 1688 pr.
686 1647 728 1678 A.
756 1647 856 1685 Laeti,
883 1652 919 1678 et
941 1648 1056 1678 multis
1073 1648 1166 1686 aliis;
1201 1648 1290 1688 vulg.
1306 1650 1522 1688 capax.-—280
1547 1647 1686 1677 Tenedon

234 1695 317 1721 vett.
334 1690 411 1720 libri
428 1690 581 1720 nonnulli
596 1701 603 1720 ε
630 1690 750 1721 Heius.
767 1690 886 1720 scribit
905 1690 1043 1721 Theben:
1066 1690 1122 1720 Fr.
1141 1691 1302 1726 Tenedum,
1317 1694 1345 1720 et
1357 1694 1418 1721 vet.
1442 1691 1527 1720 Mox
1543 1688 1685 1719 Politia-

233 1742 295 1763 nus
312 1732 444 1772 legebat
466 1733 674 1772 Emathionz's,
696 1733 961 1763 Samothraciam
990 1733 1201 1772 intelligens;
1225 1740 1283 1764 aut
1311 1732 1504 1772 OEnopionis,
1520 1731 1686 1762 Chion.—

233 1778 295 1806 282
320 1775 417 1806 Voss.
437 1775 621 1815 Carystoz's:
654 1774 815 1806 scribitur
831 1775 933 1806 etiam
963 1775 1236 1816 Carysteis—283
1261 1775 1324 1806 Ed.
1343 1775 1475 1815 Gryph.
1492 1777 1520 1805 et
1539 1773 1685 1809 Imp-ion,-

887 1875 1031 1907 NOTAE

277 1957 442 1997 Refertur]
472 1958 579 1988 Paulo
603 1961 681 1988 ante
708 1956 798 1987 istud
820 1956 933 1998 expla-

233 2011 363 2038 uatum.

987 1955 1104 1986 nullibi
1121 1965 1195 1986 cum
1209 1956 1301 1996 legas
1314 1954 1375 1986 sub
1388 1954 1541 1986 Eetionis
1555 1953 1683 1985 ditione

987 2005 1089 2037 fuisse
1133 2016 1219 2045 eam,
1254 2007 1308 2037 vix
1345 2005 1567 2037 dubitandum
1604 2006 1683 2046 quin

275 2059 338 2087 274
365 2056 489 2096 Phryx]
515 2056 653 2093 AEneas,
670 2056 740 2088 scil.

277 2107 337 2136 277
365 2105 458 2143 Nati]
484 2105 723 2144 Neptuni,qui
753 2104 858 2134 Matri
885 2103 933 2134 fa·

234 2155 297 2194 vit,
323 2154 394 2185 scil.
418 2154 443 2184 si
471 2154 552 2191 satis
580 2154 691 2194 poe'tae
716 2153 821 2183 nostri
842 2153 934 2193 inge-

235 2204 327 2235 nium
344 2203 444 2234 nosti.

278 2256 341 2285 278
366 2253 492 2292 Longa]
517 2254 667 2294 Longum
696 2258 730 2284 et
757 2257 934 2293 augustum

237 2304 455 2344 Hellesponti
471 2302 607 2335 fretum.

279 2356 342 2384 279
376 2354 552 2393 Rhoeteum]
589 2354 688 2386 Quod
719 2353 829 2393 Trojae
861 2362 934 2392 pro-

234 2405 450 2444 montorium,
477 2405 510 2435 in
527 2403 678 2435 faucibus
706 2403 935 2443 Hellesponti,

237 2452 435 2484 Graecorum
474 2453 638 2485 classibus
682 2455 761 2484 olim
799 2458 934 2493 portum

236 2503 392 2544 praebuit.

281 2551 394 2591 Sigea]
418 2550 517 2581 Aliud
540 2552 803 2591 promontorium
821 2561 838 2581 a
855 2552 934 2581 dex-

237 2605 303 2642 tra,
318 2602 484 2641 superiori
510 2603 715 2641 oppositum,
737 2601 825 2642 quod
843 2602 933 2631 litto-

237 2650 330 2682 ribus
344 2660 439 2680 suum
453 2660 575 2693 nomen
591 2651 698 2682 dedit.

280 2703 343 2731 280
370 2700 537 2740 Tenedum]
560 2701 708 2732 Insulam
732 2701 822 2732 illam
847 2701 934 2732 cele-

237 2749 416 2785 berrimam
445 2760 463 2782 e
494 2751 628 2793 regione
658 2751 726 2784 Ilii.
771 2751 932 2782 Ceterum

991 2056 1125 2095 Theben,
1137 2062 1175 2086 ut
1186 2056 1306 2087 suadet
1316 2056 1443 2086 clariss.
1456 2055 1629 2095 Heinsius,
1641 2055 1685 2088 sit

986 2106 1185 2145 legendum:
1221 2115 1294 2136 cum
1322 2105 1510 2145 praesertim
1542 2106 1551 2122 ‘
1570 2105 1685 2136 Eetio-

989 2163 1068 2184 neas
1098 2153 1243 2184 Thebas'
1272 2154 1465 2184 meminerit
1494 2154 1621 2184 Noster
1649 2153 1684 2184 iu

988 2204 1130 2235 Metam.
1159 2213 1224 2235 xu.
1249 2210 1351 2245 atque
1367 2205 1457 2234 inter
1471 2202 1684 2234 Antandrum

989 2258 1024 2284 et
1040 2254 1238 2294 Lyrnessum
1254 2255 1343 2285 illam
1360 2254 1477 2285 urbem
1494 2258 1552 2285 aut
1563 2253 1684 2285 saltem

989 2305 1186 2344 cognomina
1214 2306 1330 2335 littora
1351 2304 1549 2344 prospicere
1564 2307 1684 2343 potue·

989 2354 1067 2392 rint,
1080 2355 1135 2395 qui
1149 2355 1296 2395 Cybelen
1309 2355 1341 2385 in
1357 2353 1492 2385 Italiam
1504 2351 1684 2383 vehebant.

1033 2404 1190 2444 Eetionis]
1214 2405 1279 2436 Qui
1306 2410 1402 2444 pater
1420 2401 1683 2442 Andromaches,

989 2464 1087 2494 quam
1104 2455 1234 2484 Hector
1246 2454 1363 2484 habuit
1376 2461 1525 2482 uxorem.

1031 2506 1089 2534 281
1119 2502 1281 2543 Cyclades]
1306 2502 1428 2532 Insulae
1447 2500 1553 2540 AEgaei
1577 2499 1683 2531 notis-

987 2554 1090 2583 simae.

1030 2601 1140 2641 Lesbo]
1174 2602 1257 2633 Quae
1282 2599 1388 2639 AEgaei
1413 2599 1520 2630 insula
1545 2598 1579 2629 in
1604 2607 1685 2630 con·

987 2657 1105 2690 spectu
1120 2650 1189 2680 fere
1205 2650 1356 2682 Troadis,

1029 2703 1091 2730 282
1118 2700 1282 2740 Canisteis]
1313 2699 1342 2730 A
1371 2698 1518 2736 Caristo,
1541 2696 1682 2728 Euboeae

987 2750 1082 2791 urbe,
1107 2750 1224 2781 Andro
1250 2749 1368 2781 insulae
1391 2747 1569 2790 oppositae,
1592 2746 1683 2778 istud
