1773 3121
186 223 302 266 2024
676 235 718 264 P.
751 233 909 264 ovmn
944 231 1158 262 NAsoNis

186 329 374 371 Pandite
394 328 589 369 mandati
611 341 835 378 memores,
860 327 1091 369 Heliconis
1113 326 1318 375 alumnae,

243 396 447 438 Gaudeat
468 395 648 436 assiduo
671 409 747 436 cur
770 395 870 436 Dea
890 396 1059 447 Magna
1080 406 1203 435 sono.

183 463 260 504 Sic
279 476 376 515 ego.
424 461 498 502 Sic
520 461 677 503 Erato:
707 461 894 516 (mensis
916 461 1174 516 Cythereius
1195 460 1258 500 illi

242 529 412 581 Cessit3
444 529 563 582 quod
587 531 715 570 teneri
736 543 891 570 nomen
912 529 1089 570 Amoris
1107 529 1241 569 habet
1258 525 1292 581 :)

186 596 385 642 Reddita
407 597 595 638 Saturno
619 610 715 637 sors
736 598 831 639 haec
855 601 971 648 erat3
1005 596 1179 650 Optime
1198 607 1362 648 regum,

242 662 284 704 A
305 667 409 704 nato
430 664 616 717 sceptris
641 665 863 704 excutiere
883 664 985 704 tuis.

186 729 268 771 Ille
290 743 415 771 suam
436 738 647 780 metuens,
670 736 719 771 ut
739 745 925 784 quaeque
946 734 1036 771 erat
1056 730 1186 778 edita,
1209 728 1373 782 prolem

242 798 465 849 Devorat3
498 798 748 838 immersam
767 798 1098 850 visceribusque
1118 800 1247 837 tenet.

185 864 316 918 Saepe
335 865 463 905 Rhea.
483 869 635 916 questa
653 868 720 903 est
742 864 873 903 toties
893 863 1113 912 foecunda,
1133 876 1215 903 nec
1236 875 1431 915 unquam

243 931 410 982 Mater3
443 935 485 972 et
505 930 694 971 indoluit
718 930 936 970 fertilitate
956 943 1050 971 sua.

183 996 363 1050 Jupiter
379 1001 498 1038 ortus
519 1001 622 1038 erat.
669 997 758 1038 Pro
779 1009 935 1049 magna
954 1001 1063 1038 teste
1083 1000 1282 1037 vetustas

241 1064 466 1105 Creditur:
501 1067 727 1118 acceptam
752 1077 884 1117 parce
905 1076 1079 1104 movere
1098 1063 1244 1104 fidem.

182 1130 320 1172 Veste
339 1132 481 1171 latens
504 1144 663 1171 saxum
686 1131 860 1172 coelesti
881 1132 1048 1172 viscere
1071 1130 1195 1171 sedit.

240 1198 315 1238 Sic
338 1198 507 1250 genitor
528 1197 630 1238 fatis
651 1197 935 1251 decipiendus
955 1201 1061 1238 erat.

1555 457 1640 499 195

1557 792 1643 835 200

1560 1120 1646 1170 2'05

181 1326 251 1348 rere
259 1317 419 1347 comtum
431 1317 516 1348 meis.
544 1318 687 1348 Atumnae
703 1317 875 1356 Heliconis,
888 1328 949 1348 non
960 1317 1063 1348 oblitae
1070 1317 1167 1356 jussi,
1182 1317 1301 1357 aperite
1316 1316 1509 1357 quamobrem
1521 1317 1644 1356 Magna

181 1359 253 1390 Dea
269 1360 391 1390 loetetur
406 1370 478 1389 sono
494 1360 646 1390 continuo.
694 1361 745 1390 Ita
759 1370 815 1398 ego
828 1371 839 1396 ;
866 1361 966 1390 Erato
989 1361 1035 1390 sic
1057 1360 1251 1400 respondit;
1274 1369 1419 1400 namque
1443 1360 1556 1390 mensis
1583 1360 1645 1400 Cy-

179 1401 314 1433 thereius
328 1402 376 1431 illi
388 1401 514 1440 obtigit,
531 1401 602 1440 quia
618 1401 708 1432 habet
724 1411 832 1432 nomen
844 1402 944 1432 mollis
959 1402 1085 1432 Amoris
1095 1413 1105 1431 .·
1145 1402 1215 1432 Hoc
1226 1411 1403 1441 responsum
1416 1402 1523 1432 datum
1531 1401 1644 1439 fuerat

181 1444 330 1483 Saturno,
349 1444 473 1483 Optime
503 1444 637 1482 Regum,
660 1443 792 1474 Pelleris
818 1445 882 1474 tuis
896 1444 1005 1484 regnis
1019 1454 1037 1474 a
1051 1444 1134 1486 filio.
1180 1444 1241 1474 Ille
1255 1443 1461 1481 reformidans
1473 1453 1560 1475 suam
1571 1453 1644 1483 pro·

176 1486 310 1525 geniem,
335 1486 474 1516 simulac
498 1496 623 1526 qumque
645 1487 804 1526 prodierat
828 1487 860 1517 in
877 1488 986 1526 lucem,
1002 1487 1141 1523 devorat,
1157 1489 1249 1526 atque
1262 1489 1345 1517 tenet
1367 1486 1548 1517 exhaustam
1560 1495 1643 1525 proe-

178 1529 303 1560 cordiis.
349 1529 437 1559 Rhea
454 1529 545 1560 toties
555 1530 689 1568 gravida
701 1538 796 1570 neque
819 1539 953 1570 unquam
965 1539 1078 1569 parens
1089 1540 1170 1569 soepe
1185 1532 1231 1559 est
1246 1532 1362 1569 questa,
1378 1531 1470 1569 atque
1491 1528 1643 1568 ingemuit

178 1570 463 1609 suafoecnmlitate.
508 1573 638 1611 Jupiter
661 1576 729 1603 erat
756 1576 858 1604 natus.
903 1572 1088 1612 Antiquitas
1103 1572 1243 1603 creditur
1256 1581 1314 1612 pro
1329 1581 1443 1611 magna
1458 1574 1555 1602 teste.-
1579 1571 1643 1602 noli

179 1614 429 1656 Iacesserefldem
446 1617 607 1655 receptam.
655 1615 777 1646 Saxum
800 1616 971 1646 involutum
995 1619 1078 1647 reste
1103 1615 1271 1646 immissum
1293 1617 1339 1646 est
1364 1615 1399 1646 in
1420 1614 1554 1646 coelestia
1566 1623 1645 1654 prae-

793 1699 1025 1710 ‘Momm

179 1750 299 1783 Heius.
314 1751 369 1782 alii
396 1762 483 1792 quem
510 1754 575 1794 vel,
602 1758 640 1785 ut
665 1754 756 1795 vulg.
773 1765 876 1796 quam.
909 1756 1004 1786 Vett.
1033 1754 1188 1795 plerique
1213 1763 1303 1794 quam
1329 1753 1427 1789 εεὶίες
1461 1758 1529 1784 tres
1552 1761 1642 1792 quem

178 1794 293 1831 sciter;
317 1795 446 1826 Zulich.
473 1806 539 1836 quoe
559 1798 674 1829 scitor.-
698 1798 788 1829 unde
816 1798 1006 1830 Politianus
1024 1803 1059 1828 et
1088 1798 1282 1836 Naugerius
1306 1796 1393 1837 conj.
1408 1806 1498 1836 quam
1513 1796 1643 1826 scite.—

179 1839 241 1867 192
264 1837 364 1868 Audit
380 1847 423 1868 ex
440 1848 506 1869 uno
523 1840 562 1870 V.
580 1850 646 1871 uno
670 1841 759 1872 Mor.
777 1845 813 1872 et
830 1842 870 1872 R.
883 1840 919 1872 et
931 1841 979 1872 sic
1001 1841 1103 1872 etiam
1121 1841 1197 1870 Pat.
1217 1849 1278 1880 pro
1295 1849 1364 1871 var.
1379 1839 1459 1870 lect.
1476 1838 1567 1878 vulg.
1588 1837 1642 1868 Vi-

179 1879 347 1910 dit.—196
370 1881 440 1911 Pro
457 1883 546 1921 quod,
563 1883 617 1914 Fr.
634 1884 708 1923 qui;
733 1884 772 1914 Ρ.
789 1894 873 1923 nam,
890 1888 928 1915 et
951 1884 999 1915 sic
1025 1883 1092 1914 duo
1120 1883 1177 1913 alii
1203 1892 1279 1913 cum
1307 1882 1350 1914 D.
1369 1881 1642 1920 Excerpt.—198

179 1921 243 1952 Ed.
263 1923 407 1962 Neapol.
425 1927 490 1954 nat.
515 1926 619 1964 regnis
644 1929 856 1957 escun—199
879 1927 959 1958 Jun.
986 1930 1020 1957 et
1047 1927 1102 1956 Fr.
1127 1929 1171 1956 est
1195 1935 1258 1965 pro
1274 1929 1351 1955 erut.
1378 1925 1459 1954 Mox
1477 1932 1526 1962 pr.
1542 1922 1587 1952 V.
1603 1925 1640 1951 et

178 1963 244 1994 duo
262 1965 319 1995 alii
335 1966 382 1995 ed.
394 1967 612 2004 proles—203
637 1969 690 1998 Ex
705 1978 771 1998 uno
788 1969 866 2000 Pat.
883 1968 1002 2000 Heins.
1016 1968 1192 2008 rescripsit
1205 1976 1320 2006 magna
1329 1978 1341 2003 ;
1364 1966 1455 2005 vulg.
1472 1973 1639 2002 magno.—

176 2007 238 2037 205
268 2007 389 2038 Viscere
408 2008 528 2040 Heins.
553 2009 649 2041 dedit
675 2020 718 2041 ex
744 2011 878 2042 Zulich.
896 2021 959 2051 pro
975 2012 1063 2050 vulg.
1081 2013 1231 2049 gutture.-
1254 2009 1343 2040 Maz.
1359 2012 1394 2038 et
1409 2007 1476 2038 duo
1493 2007 1549 2037 alii
1563 2014 1640 2045 gur-

841 2102 873 2132 N
879 2101 980 2132 OTAE

219 2171 279 2200 191
314 2170 448 2210 Neptes]
484 2171 599 2203 Musas
623 2173 709 2205 facit
735 2173 881 2214 Cybeles
938 2178 1095 2214 spectant
1111 2173 1214 2205 facile
1229 2178 1391 2214 exponat.

174 2223 313 2260 neptes,
330 2221 409 2262 quia
425 2221 493 2253 illae
509 2223 607 2255 Jovis
623 2223 715 2265 filiae,
738 2225 793 2256 hic
822 2235 877 2256 au-
981 2226 1180 2267 Cythereius]
1205 2224 1335 2265 Aprilis
1361 2224 1543 2265 Cythereae
1571 2226 1639 2257 Ve-

176 2274 246 2301 tem
261 2280 304 2301 ex
316 2276 424 2302 matre
442 2273 518 2314 Ope
535 2283 593 2305 seu
611 2275 741 2316 Cybele
755 2280 865 2308 natus.
933 2276 1007 2307 neri
1024 2276 1171 2307 dicatus.

220 2324 280 2352 192
304 2322 390 2363 Has]
415 2324 544 2363 Musas,
561 2325 677 2356 doctas
693 2331 825 2366 neptes.
978 2329 1040 2358 196
1063 2325 1186 2366 Habet]
1210 2327 1327 2365 Erato,
1342 2325 1415 2357 scil.

218 2372 279 2401 193
303 2372 466 2413 Mandati]
489 2374 589 2406 Quod
614 2375 709 2407 dedit
737 2376 879 2417 Cybele,

173 2424 213 2450 ut
228 2420 308 2450 mihi
326 2421 502 2454 adessetis.

218 2469 394 2510 Heliconis]
433 2473 473 2502 In
512 2484 551 2504 eo
588 2476 729 2506 Boeoliae
762 2481 877 2507 monte

175 2520 284 2551 Musae
301 2520 455 2552 educatae
469 2523 742 2564 dicuntur,11and
756 2527 876 2565 procul

174 2581 194 2602 a
210 2572 390 2604 Parnasso.

217 2625 279 2653 194
313 2622 411 2662 sono]
436 2624 511 2656 Quo
537 2624 570 2654 in
599 2624 746 2665 Cybeles
772 2625 875 2656 sacris

172 2673 283 2703 omnia
301 2673 539 2713 personabant.

216 2726 276 2754 195
316 2724 432 2764 Erato]
472 2725 570 2756 Musa
597 2725 650 2757 cui
681 2726 722 2756 ab
749 2725 874 2757 Amore

170 2782 305 2813 nomen,
321 2784 395 2815 quae
424 2774 509 2807 adeo
537 2775 580 2807 ad
607 2777 776 2808 Venerem
799 2787 873 2818 quae

977 2380 1037 2408 197
1076 2376 1230 2416 Reddita]
1266 2376 1379 2407 Verba
1404 2380 1484 2407 sunt
1513 2375 1638 2416 Musae,

933 2439 1007 2470 quae
1021 2429 1159 2460 Saturni
1179 2433 1280 2469 atque
1295 2428 1390 2460 Jovis
1411 2426 1517 2458 refert
1533 2427 1638 2458 histo⁴

934 2488 1029 2510 riam.

978 2528 1117 2568 Optime]
1144 2527 1196 2558 Ad
1226 2527 1259 2558 id
1287 2526 1421 2563 alludit,
1447 2525 1534 2567 quod
1562 2536 1636 2566 reg-

931 2583 1034 2609 nante
1047 2578 1193 2609 Saturno
1207 2586 1345 2608 aureum
1358 2577 1519 2607 saecnlum
1531 2575 1637 2608 fuisse

932 2627 1071 2657 dicitur.

974 2680 1033 2707 201
1064 2676 1164 2715 Rhea]
1199 2678 1285 2709 Quae
1313 2676 1400 2715 Ops,
1425 2675 1571 2716 Cybele,
1597 2681 1634 2709 et

931 2737 1052 2767 magna
1071 2727 1222 2757 Deorum
1240 2731 1357 2757 mater.

972 2780 1033 2808 205
1061 2777 1202 2818 Coelesti]
1225 2776 1376 2818 Saturni,
1398 2776 1469 2808 scil.
1487 2775 1542 2809 cui
1559 2776 1630 2819 qui-
