1773 3121
189 204 304 247 1800

681 216 724 246 P.
757 215 914 246 ovmll
948 214 1162 246 NASONIS

190 374 450 433 TEMPORA
471 405 570 434 cum
591 393 740 434 causis
761 392 937 434 Latium
959 393 1131 446 digesta
1151 406 1228 446 per
1248 406 1424 443 annum,

250 460 483 514 Lapsaque
504 462 583 502 sub
605 465 758 510 terras,
777 465 959 514 ortaque
982 462 1122 513 signa,
1144 474 1314 501 canam.

193 526 367 580 Excipe
388 532 565 582 pacato,
588 528 742 570 Caesar
760 528 1041 579 Germanice,
1062 529 1183 569 vultu

252 594 356 635 Hoc
378 607 516 648 opus:
546 599 590 636 et
609 595 775 637 timidae
798 595 935 648 dirige
956 597 1079 636 navis
1100 598 1194 637 iter.

235 702 349 734 Dicam
363 707 501 744 tempora
512 705 680 736 distributa
691 715 749 746 per
763 715 876 735 annum
891 705 1051 743 Latinum,
1076 715 1145 735 cum
1159 704 1331 735 rationibus
1348 712 1477 742 eorum,
1500 705 1531 733 et
1545 701 1650 733 sidera

191 746 317 777 condita
330 746 385 777 sub
401 748 552 788 tellurem,
565 751 596 779 et
611 758 678 788 quoe
692 751 853 788 apparent.
900 748 1007 778 Coesar
1025 748 1222 788 Germanice,
1249 747 1379 778 admitte
1403 746 1457 777 hoc
1472 754 1546 786 opus
1563 744 1650 783 facie

809 831 864 841 ece
869 830 1042 841 emme

237 886 252 914 1
278 883 473 916 Pembrocii
488 885 575 916 liber
593 890 629 916 et
645 885 711 916 duo
727 885 783 916 alii
795 895 852 925 per
877 885 1054 916 orbem—2
1078 885 1153 915 Pal.
1174 886 1359 925 Mersaque:
1380 884 1464 915 etin
1481 882 1650 914 nonnullis

850 983 882 1014 N
887 982 990 1014 OTAE

238 1049 418 1090 Fastorum]
453 1051 503 1082 Eo
526 1052 660 1083 nomine
677 1060 697 1082 a
719 1051 843 1093 potiori
864 1052 897 1083 hi

193 1098 272 1130 libri
299 1101 528 1140 appellantur,
556 1102 590 1132 in
618 1102 739 1143 quibus
767 1102 904 1133 dierum-

195 1151 344 1182 0mnium
360 1152 448 1183 ratio
461 1153 687 1193 expenditur;
706 1154 796 1194 quia,
809 1154 898 1184 scili-

195 1204 265 1238 cet,
292 1200 407 1240 plures
434 1200 528 1241 fasti,
556 1202 674 1243 quibus
688 1203 746 1242 jus
771 1202 834 1233 fari
862 1208 898 1233 et

194 1250 311 1281 dicere
334 1250 476 1289 licitum,
493 1262 592 1293 quam
614 1252 750 1284 nefasti.
797 1254 898 1284 Festa

196 1305 312 1331 autem
328 1305 364 1332 et
382 1300 511 1333 fabulas
532 1302 697 1334 festorum
715 1303 777 1334 hoc
795 1313 898 1344 opere

197 1350 380 1391 descripsit
413 1352 520 1383 Naso.
567 1352 709 1394 Aliquot
734 1357 898 1384 astrorum

196 1406 291 1432 ortus
302 1406 336 1432 et
347 1411 488 1433 occasus
498 1412 559 1443 pro
569 1408 759 1443 temporum
770 1403 900 1434 ratione

196 1453 407 1484 observanda
422 1454 619 1494 assignavit.
665 1455 786 1486 Vicem
807 1454 902 1485 deni-

197 1511 263 1544 que
279 1503 503 1543 praestiterint
519 1503 597 1535 fasti
611 1505 681 1545 ejus
698 1505 787 1546 quod
804 1514 903 1536 voca-

197 1563 272 1584 mus
306 1563 364 1584 nos
392 1554 654 1586 Kalendarium.
713 1556 902 1587 Duodecim

197 1602 304 1634 libros
322 1613 382 1643 pro
394 1604 557 1634 mensium
571 1606 702 1636 ratione
717 1611 750 1636 et
763 1615 902 1636 numero

200 1653 387 1693 scripserat
405 1654 532 1686 Poeta:
558 1655 618 1686 sed
635 1656 748 1697 iniquo
761 1655 831 1687 fato
843 1666 902 1687 sex

200 1704 386 1744 perierunt.

246 1757 262 1784 1
277 1754 441 1795 Tempora]
454 1756 504 1786 Ea
520 1765 563 1787 ex
573 1756 709 1787 Nasone
721 1756 748 1787 si
762 1756 901 1796 propius

200 1804 375 1845 inspicias,
387 1805 476 1836 aliud
488 1815 564 1837 esse
578 1816 643 1837 non
655 1807 789 1837 invenio
803 1817 903 1848 quam

200 1863 255 1885 res
283 1854 383 1894 ipsas,
407 1860 510 1895 prout
532 1861 628 1887 certo
657 1856 803 1897 quodam
830 1857 905 1887 sub-

202 1903 343 1934 sistendi
367 1904 486 1935 ordine
511 1905 599 1935 inter
624 1915 661 1936 se
684 1905 904 1945 comprehen-

201 1953 343 1992 duntur,
361 1959 465 1994 atque
481 1955 657 1985 duratione
673 1965 743 1995 sua,
755 1965 832 1995 quae
843 1965 905 1995 per

202 2002 297 2043 prius
312 2003 409 2033 simul
432 2009 468 2035 et
495 2006 663 2044 posterius
690 2005 906 2046 intelligitur,

202 2058 298 2084 motu
332 2055 523 2094 praesertim
556 2054 632 2086 coeli
662 2059 698 2086 et
725 2059 905 2095 astrorum,

204 2103 427 2135 aestimantur.

251 2154 377 2194 Causis]
402 2156 553 2196 Propter
569 2165 664 2196 quas,
679 2156 821 2197 scilicet,
833 2158 906 2187 haec

206 2210 266 2237 aut
289 2205 348 2236 illa
361 2215 437 2236 eum
453 2206 486 2236 in
510 2205 660 2237 ordinem
677 2207 797 2246 relata,
823 2212 904 2238 tunc

205 2256 369 2296 temporis
385 2256 556 2295 instituta,
578 2257 633 2287 vel
651 2267 784 2299 quoquo
807 2258 906 2288 modo

203 2305 390 2337 distributa
404 2311 462 2337 aut
478 2306 671 2338 observata.

250 2356 390 2396 Latium]
423 2357 489 2389 Qui
523 2357 701 2388 duodecim
727 2356 793 2388 fuit
815 2367 907 2388 men·

206 2408 312 2440 sium:
338 2419 400 2449 per
427 2410 530 2440 Lunae
549 2410 738 2450 praesertim
768 2414 804 2440 et
821 2409 906 2440 Solis

208 2464 337 2492 motum
350 2460 555 2491 intellectus.

250 2512 270 2541 2
293 2508 468 2550 Lapsaque]
494 2511 679 2541 Torserunt
695 2520 730 2541 se
745 2510 799 2541 hic
824 2511 907 2540 mul-

209 2564 293 2599 tum,
324 2560 415 2600 quod
443 2569 553 2591 rerum
581 2560 731 2591 ordinem
754 2559 907 2590 turbasse

207 2609 366 2641 videatur
377 2609 499 2649 Poeta,
513 2619 587 2640 cum
607 2610 698 2649 prius
714 2609 795 2640 oriri
809 2619 906 2650 quam

207 2659 366 2692 occidere
391 2669 444 2690 res
472 2659 517 2690 sit
546 2669 695 2690 necesse.
740 2658 788 2690 At
817 2659 906 2690 enim

211 2711 334 2741 omissa
350 2709 540 2741 subtilitate
555 2709 656 2750 omni,
672 2709 800 2750 optime
817 2709 907 2740 ordi-

208 2771 284 2793 nem
301 2770 453 2792 servasse
469 2759 562 2792 illum
578 2760 667 2801 dico,
684 2759 740 2800 qui
756 2759 848 2801 prius
865 2759 907 2790 de

952 1052 1018 1082 illis
1050 1052 1150 1082 astris
1185 1051 1393 1082 mentionem
1427 1049 1550 1082 fecerit
1578 1059 1653 1091 quae

951 1102 1086 1133 omnino
1109 1102 1203 1133 nobis
1229 1106 1308 1133 sunt
1335 1100 1462 1142 priora.
1507 1100 1652 1141 Quoquo

952 1154 1041 1184 enim
1056 1153 1156 1184 modo
1173 1152 1456 1193 spectaverimus‚
1469 1151 1579 1182 nullus
1595 1150 1656 1181 illa

953 1213 1029 1244 quae
1046 1204 1140 1243 lapsa
1153 1208 1232 1234 sunt
1245 1203 1338 1242 prius
1353 1202 1452 1233 nobis
1469 1201 1655 1241 conspicua

952 1251 1055 1283 fuisse
1068 1253 1260 1292 negaverit:
1274 1257 1344 1282 tum
1356 1256 1525 1291 praeterea
1535 1250 1654 1281 eadem

954 1304 1047 1343 prius
1070 1302 1173 1334 fuisse
1198 1312 1272 1343 quae
1293 1302 1443 1332 laterent
1464 1311 1563 1342 quam
1585 1300 1655 1332 cui-

955 1362 1054 1393 quam
1081 1357 1287 1393 apparerent
1314 1352 1440 1382 nemini
1466 1350 1572 1382 fuerit
1594 1350 1656 1380 du·

954 1404 1057 1435 bium.
1102 1402 1250 1433 Videtur
1266 1402 1390 1434 deinde
1403 1401 1512 1432 Poeta
1525 1399 1657 1431 numeri

955 1453 1093 1494 majoris
1104 1453 1278 1493 lapsorum
1292 1456 1460 1483 astrorum
1469 1452 1595 1483 habere
1607 1461 1660 1482 ra-

955 1503 1097 1535 tionem.

1000 1553 1117 1593 Signa]
1169 1553 1315 1585 Ordines
1352 1551 1437 1583 dicit
1470 1550 1658 1592 stellarum,

957 1604 1080 1644 quibus
1105 1603 1309 1642 animalium,
1324 1602 1462 1633 aliarum
1487 1602 1589 1633 etiam
1606 1611 1658 1633 re-

956 1663 1041 1694 rum,
1057 1653 1182 1694 figuras
1198 1652 1412 1684 affinxerunt.
1454 1652 1511 1683 De
1525 1652 1658 1683 illorum

956 1710 1070 1736 autem
1086 1709 1163 1735 ortu
1188 1709 1290 1745 atque
1314 1712 1437 1734 occasu
1461 1701 1660 1733 consulendi

958 1755 1015 1796 qui
1046 1754 1088 1785 de
1121 1754 1256 1795 sphaera
1286 1757 1447 1785 tractant.
1501 1752 1659 1794 Namque

958 1806 1106 1836 elevatio
1119 1805 1195 1836 Poli
1208 1814 1284 1835 cum
1297 1807 1390 1835 ortus
1403 1807 1507 1844 atque
1521 1811 1660 1833 occasus

959 1856 1084 1893 variet,
1108 1856 1322 1896 plurimaque
1339 1854 1524 1886 subtilioris
1535 1853 1660 1895 disqui-

958 1905 1090 1936 sitionis
1106 1915 1168 1945 pro
1192 1909 1351 1936 accurata
1366 1904 1500 1935 illorum
1516 1903 1659 1944 cogniti-

959 1964 1022 1985 one
1039 1954 1266 1995 requirantur,
1277 1954 1343 1984 loci
1357 1963 1422 1984 non
1441 1957 1492 1984 est
1505 1953 1603 1994 hujus
1619 1962 1661 1983 ea

959 2004 1084 2034 rimari.
1126 2003 1225 2034 Istud
1239 2012 1341 2033 unum
1358 2003 1480 2034 saltem
1492 2002 1659 2034 nonomit-

959 2054 1113 2093 tendum,
1139 2057 1231 2084 ortus
1263 2057 1300 2084 et
1327 2062 1467 2084 occasus
1492 2056 1660 2084 astrorum

959 2114 1035 2136 cum
1063 2103 1259 2135 Horizontis
1291 2107 1362 2134 tum
1384 2102 1489 2133 ’Solis
1527 2102 1661 2134 ratione

959 2155 1102 2187 diversis
1116 2155 1225 2185 modis
1242 2153 1404 2194 assignari
1427 2157 1529 2194 atque
1555 2152 1661 2184 nomi-

960 2206 1046 2237 nari.
1092 2205 1203 2236 Priori
1219 2208 1378 2245 respectu
1394 2203 1552 2235 Cosmicus
1565 2208 1660 2236 ortus

961 2258 1015 2288 vel
1038 2267 1176 2288 occasus
1190 2255 1383 2297 appellatur
1405 2254 1549 2296 alicujus
1564 2254 1661 2295 astri,

961 2318 1038 2340 cum
1055 2308 1189 2339 oriente
1208 2307 1287 2338 Sole
1300 2310 1428 2337 astrum
1444 2305 1528 2336 illud
1544 2314 1660 2336 ascen-

961 2359 1012 2389 dit
1027 2368 1129 2399 supra
1140 2358 1194 2388 vel
1209 2356 1385 2388 descendit
1399 2354 1488 2387 infra
1500 2355 1662 2386 Horizon-

962 2413 1029 2440 tem
1042 2419 1048 2439 :
1068 2407 1247 2448 posteriori
1259 2407 1422 2445 Heliacas,
1431 2405 1567 2447 quando
1577 2405 1662 2438 illud

960 2459 1051 2490 idem
1068 2463 1197 2489 astrum
1213 2457 1266 2487 vel
1281 2457 1362 2487 satis
1379 2467 1399 2488 a
1413 2456 1491 2487 Sole
1504 2456 1609 2487 distat
1624 2459 1662 2486 ut

962 2518 1003 2539 ex
1020 2508 1094 2548 ejus
1111 2506 1242 2547 fulgore
1265 2515 1340 2537 sese
1364 2505 1662 2546 expedire‚.adeo-

963 2567 1026 2598 que
1051 2565 1231 2597 apparere,
1246 2555 1367 2596 possit,
1391 2556 1444 2586 vel
1469 2558 1590 2586 contra
1612 2555 1662 2586 ita

962 2607 1009 2638 illi
1040 2610 1092 2637 est
1128 2605 1278 2636 vicinum
1308 2608 1347 2635 ut
1377 2604 1559 2645 splendore
1585 2604 1661 2645 ejus

962 2656 1058 2697 quasi
1086 2656 1252 2687 deleatur.
1308 2654 1500 2695 Acronycum
1521 2654 1662 2695 insuper

962 2712 1072 2738 ortum
1090 2706 1142 2737 vel
1159 2714 1317 2737 occasum
1341 2704 1383 2736 ab
1399 2704 1489 2746 ἄκρος
1508 2707 1663 2736 extremus

962 2763 998 2790 et
1014 2756 1065 2797 νὺξ
1087 2767 1149 2788 nox
1171 2756 1344 2797 dixerunt,
1372 2765 1448 2788 cum
1470 2756 1549 2789 Sole
1574 2754 1662 2787 infra
