1773 3121
232 212 346 255 1652
719 222 762 252 Ρ.
794 221 952 251 ovmu
989 218 1200 250 NAsoms

234 318 360 372 Moly
377 319 539 358 vocant
559 316 742 370 Superi:
772 316 895 368 nigra
914 315 1062 356 radice
1083 317 1260 355 tenetur.

232 387 371 427 Tutus
392 398 458 434 eo,
479 385 736 436 monitisque
760 383 890 423 simul
915 383 1170 423 coelestibus
1191 381 1319 420 intrat

235 453 318 493 Ille
339 452 516 492 domum
537 449 709 491 Circes:
741 453 782 490 et
801 449 856 489 ad
873 449 1090 489 insidiosa
1113 451 1295 489 vocatus

236 519 417 567 Pocula,
442 521 669 558 conantem
690 518 814 569 virga
833 517 1020 557 mulcere
1041 515 1230 569 capillos
1605 512 1691 553 295

236 586 446 639 Repulit3
477 589 519 625 et
539 585 692 625 stricto
712 583 919 637 pavidam
939 583 1145 624 deterruit
1166 594 1279 622 ense.

237 653 342 693 Inde
363 652 485 701 fides,
504 652 765 704 dextraeque
787 651 899 692 datae
918 665 927 691 :
959 651 1239 703 thalamoque
1259 651 1457 703 receptus

237 719 443 773 Conjugii
466 719 630 768 dotem,
654 718 872 759 sociorum
894 730 1096 771 corpora,
1116 717 1275 770 poscit.

295 785 549 839 Spargimur
568 786 768 825 innocuae
791 785 936 825 succis
956 784 1207 825 melioribus
1227 783 1392 832 herbae,

241 853 602 904 Percutimurque
623 856 753 904 caput
775 864 1001 891 conversae
1024 853 1198 892 verbere
1217 852 1350 904 virgae
1369 864 1378 891 :
1610 847 1695 888 300

236 920 473 972 Verbaque
495 918 697 957 dicuntur
719 918 850 957 dictis
872 919 1091 958 contraria
1111 918 1271 958 verbis.

239 985 342 1036 Quo
361 985 500 1038 magis
521 984 600 1024 illa
621 984 752 1031 canit,
773 984 913 1035 magis
933 983 1015 1022 hoc
1032 984 1183 1023 tellure
1205 983 1341 1024 levati

238 1052 466 1106 Erigimur,
488 1054 683 1103 setaeque
704 1049 881 1098 cadunt,
902 1048 1151 1102 bifidosque
1173 1049 1374 1103 relinquit

241 1119 376 1159 Rima
396 1117 531 1170 pedes
549 1130 558 1158 z
590 1116 773 1156 redeunt
792 1115 985 1156 humeri:
1017 1115 1220 1168 subjecta
1237 1116 1414 1157 lacertis

240 1185 433 1226 Brachia
452 1188 570 1225 sunt.
632 1183 830 1223 Flentem
852 1181 1004 1223 flentes
1027 1183 1331 1236 amplectimur
1352 1183 1489 1234 illum,
1611 1183 1698 1225 305

243 1251 558 1304 Haeremusque
577 1250 705 1291 ducis
728 1249 843 1290 collo
861 1262 872 1290 ε
903 1262 982 1290 nec
1004 1249 1137 1291 verba
1156 1249 1290 1289 locuti

243 1378 308 1400 cen.
367 1367 527 1407 Cyllenius
548 1366 634 1406 pacis
656 1366 836 1396 conciliator
865 1365 914 1396 illi
939 1367 1065 1396 dederat
1086 1365 1201 1406 florem
1230 1365 1417 1402 candidum;
1453 1365 1514 1396 Dii
1543 1366 1699 1406 appellant

243 1411 342 1451 Moly.
390 1409 496 1439 Alitur
518 1409 622 1439 radice
650 1412 732 1439 atra.
776 1408 835 1439 Ille
858 1418 981 1439 securus
1003 1419 1049 1447 eo,
1078 1411 1169 1448 atque
1193 1408 1284 1438 simul
1311 1407 1499 1439 documentis
1529 1407 1700 1439 caelestibus

241 1453 325 1484 subit
351 1453 471 1482 domum
504 1451 628 1482 Circes:
663 1454 755 1491 atque
791 1451 912 1482 illectus
938 1452 978 1481 ad
1004 1451 1106 1481 dolosa
1142 1452 1251 1490 pocula
1279 1451 1395 1490 repulit
1426 1451 1518 1481 illam
1546 1450 1698 1481 nitentem

242 1499 370 1534 tangere
395 1504 509 1525 comam
532 1494 654 1533 bacillo,
678 1497 709 1524 et
729 1493 887 1533 prohibuit
912 1496 1095 1524 trementem
1120 1494 1282 1532 evaginato
1305 1494 1425 1532 gladio.
1472 1493 1550 1523 Inde
1567 1493 1654 1534 fides
1667 1495 1698 1522 et

243 1539 364 1568 ‹lextra›
371 1537 492 1575 junctae
501 1547 511 1572 ;
536 1539 629 1576 atque
644 1536 794 1566 admissus
808 1535 963 1567 inlectam
975 1536 1056 1576 petit
1071 1536 1104 1566 in
1119 1537 1220 1566 dotem
1243 1536 1386 1567 connubii
1401 1545 1530 1576 corpora
1544 1535 1702 1566 comitum.

246 1579 424 1618 Irrigamur
447 1579 543 1608 succis
567 1578 742 1609 melioribus
767 1578 923 1616 graminis
944 1578 1089 1613 innoxii,·
1111 1581 1205 1618 atque
1231 1579 1428 1609 verberamur·
1449 1587 1507 1617 per
1528 1580 1620 1616 caput
1635 1577 1703 1607 ictu

244 1622 343 1660 virgae
358 1630 509 1651 conversae
524 1630 534 1656 ;
558 1624 587 1650 et
609 1629 694 1650 voces
717 1621 883 1650 contraria>
898 1620 1020 1650 vocibus
1044 1621 1175 1659 prolatis
1186 1621 1401 1659 proferuntur.
1449 1620 1517 1654 Quo
1532 1619 1633 1658 magis
1645 1619 1702 1649 illa

244 1666 363 1702 cantat,
377 1673 410 1694 eo
426 1662 526 1701 magis
550 1662 687 1692 tollimur
699 1661 812 1692 sublati
827 1671 866 1691 ex
889 1665 986 1700 terra,
999 1666 1029 1692 et
1044 1665 1118 1691 setae
1137 1662 1294 1702 decidunt,
1310 1665 1339 1693 et
1348 1661 1469 1703 fissura
1483 1662 1597 1692 deserit
1610 1663 1704 1702 pedes

245 1706 362 1747 bifidos.
408 1704 542 1735 Humeri
567 1705 749 1743 redduntur,
765 1703 891 1734 brachia
904 1703 1128 1734 submittuntur·
1151 1704 1285 1734 lacertis.
1331 1705 1403 1735 Nos
1418 1705 1624 1744 lacrymantes
1637 1713 1702 1734 am-

243 1749 407 1789 plectimur
427 1748 513 1778 illum
535 1747 769 1787 lacrymantem,
783 1749 873 1785 atque
888 1756 1044 1777 manemus
1050 1745 1121 1784 fusi
1136 1746 1169 1776 in
1188 1747 1262 1777 collo
1278 1747 1364 1777 ducis
1377 1757 1389 1783 ‚·
1411 1756 1504 1787 neque
1517 1746 1704 1786 protulimus

854 1826 1088 1839 ”neec-“effe-

247 1876 410 1907 set.—29l
435 1873 478 1905 A.
493 1873 574 1904 huic.
596 1874 691 1902 donat
698 1872 885 1912 flora—292
908 1871 1056 1901 Berolin.
1072 1871 1177 1901 habet
1193 1872 1395 1903 Mola—294
1419 1872 1553 1904 Ciofan.
1569 1873 1704 1905 emend.

246 1919 390 1952 domum;
413 1917 490 1945 olim
506 1916 727 1946 domus—295
752 1913 904 1943 Berolin.
927 1912 1008 1951 virg.
1030 1913 1155 1943 miscere
1176 1916 1366 1953 scup.-296
1389 1914 1468 1945 Bas.
1494 1918 1524 1944 et
1538 1917 1618 1946 nudo
1638 1917 1705 1947 det.

248 1959 290 1989 In
306 1967 372 1988 uno
387 1958 430 1986 V.
447 1956 556 1987 stricto
570 1955 761 1995 patefactam
776 1955 909 1985 terruit.-
933 1964 1016 1985 unus
1032 1956 1201 1986 conterruit
1212 1967 1224 1992 ;
1247 1956 1267 1987 J
1273 1965 1326 1987 un.
1344 1960 1379 1987 et
1396 1956 1501 1988 Gron.
1522 1958 1704 1997 perterruit.

249 2002 355 2031 —298
378 1997 462 2038 Arg.
479 2003 514 2029 et
530 1998 595 2028 duo
620 1998 676 2028 alii
706 1997 791 2035 Conj.
818 1998 1023 2027 εἰσίω-299
1046 1997 1190 2029 Innocuoe
1211 1998 1329 2029 Heius.
1347 1998 1443 2029 dedit
1467 2009 1509 2029 ex
1533 2009 1600 2030 sec.
1625 2000 1702 2032 Pal.

248 2046 359 2083 quart.
376 2041 470 2072 Med.
488 2041 532 2071 Ο.
548 2050 597 2080 pr.
613 2041 701 2071 Mor.
717 2040 746 2070 Ι.
765 2044 800 2070 et
816 2040 888 2070 aliis
907 2039 1040 2078 decem,
1067 2049 1129 2079 pro
1154 2041 1242 2081 vulg.
1267 2041 1501 2080 ignotcc.—300
1522 2042 1604 2074 Jun.
1619 2042 1704 2075 verb.

246 2085 470 2116 caudoe.-302
485 2083 634 2114 Berolin.
647 2083 703 2113 hac
711 2083 811 2113 tell.—
820 2084 881 2112 304
892 2081 950 2112 Pr.
967 2082 1054 2112 Mor.
1067 2084 1268 2123 redeuntque.-
1286 2083 1362 2114 libri
1379 2088 1462 2115 vett.
1475 2084 1579 2115 etiam
1595 2088 1631 2115 et
1647 2084 1705 2115 Al-

248 2127 317 2158 din.
330 2130 360 2158 et
375 2125 560 2163 sulm—305
587 2125 708 2155 Heius.
726 2124 814 2164 conj.
830 2124 989 2155 Brachia:
1012 2124 1175 2164 tumflent.
1198 2126 1420 2166 Amplectimur
1429 2135 1470 2157 ex
1485 2131 1571 2157 vett.
1587 2126 1704 2166 libris3

250 2169 340 2211 vulg.
367 2169 604 2209 complectimur.
641 2168 695 2199 Fr.
712 2177 787 2198 cum
816 2172 948 2207 septem
973 2166 1047 2197 aliis
1070 2168 1150 2198 ulnis
1177 2178 1238 2209 pro
1263 2168 1349 2199 illum
1361 2180 1371 2199 :
1401 2173 1436 2200 et
1463 2169 1613 2201 Berolin.
1628 2169 1704 2208 illis,

909 2254 1047 2285 NOTAE

248 2317 374 2358 scyllae.
420 2315 532 2347 Effodi
557 2314 739 2347 difficulter
765 2315 874 2355 addit,
899 2321 948 2347 ut-
1003 2328 1080 2348 suus
1096 2318 1200 2358 locus,
1214 2318 1312 2350 modo
1325 2329 1366 2349 ne
1379 2319 1453 2361 quis
1465 2319 1626 2351 abutatur
1640 2328 1704 2360 per

251 2375 330 2409 pote
358 2377 431 2408 quae
459 2368 548 2397 inter
582 2366 800 2398 difficultates
829 2376 949 2397 saxeas
1003 2368 1251 2408 impotentiam.

250 2422 378 2459 serpat,
391 2422 493 2458 atque
508 2418 554 2448 ita
566 2417 712 2458 abrupta
727 2418 760 2448 in
774 2418 949 2449 maximam
1045 2421 1108 2448 298
1131 2419 1306 2460 Sociorum]
1338 2420 1418 2459 Qui,
1434 2421 1570 2461 cognita
1586 2420 1704 2460 volup-

250 2467 494 2509 longitudinem
513 2468 716 2507 porrigatur.
1004 2468 1086 2498 tatis
1102 2469 1325 2509 turpitudine,
1351 2470 1392 2500 ad
1419 2470 1593 2500 meliorem
1614 2479 1706 2500 men·

294 2521 356 2550 293
373 2518 522 2557 Monitis]
542 2518 730 2558 Sapientia,
747 2523 850 2558 atque
868 2518 950 2548 veri·
1005 2521 1072 2548 tem
1099 2519 1278 2558 compulsi,
1303 2529 1343 2549 eo
1369 2519 1401 2549 in
1433 2518 1628 2549 libertatem
1659 2518 1703 2550 ab

253 2567 318 2599 tati
352 2567 505 2608 obsequi,
538 2573 591 2599 est
628 2568 792 2607 optimum
831 2568 948 2607 Molyz
1004 2568 1128 2608 Ulysse
1145 2568 1487 2600 vindicatidicuntur.

252 2626 442 2658 quanquam
459 2622 495 2648 et
517 2618 779 2658 praesentissima
803 2627 876 2648 esse
903 2626 951 2647 re·
1048 2621 1108 2649 305
1147 2618 1297 2658 Flentem]
1331 2620 1382 2649 Ex
1409 2617 1705 2650 commiseratione

254 2667 365 2698 media
390 2667 548 2698 adversus
575 2668 822 2699 incantationes
839 2672 875 2698 et
900 2677 953 2698 ve·
1005 2672 1112 2699 status
1140 2668 1249 2698 adhuc
1275 2667 1369 2708 (prasi
1395 2666 1571 2708 praesentis
1597 2667 1706 2699 socio·

256 2716 376 2748 neficia
391 2718 526 2757 experti
541 2718 676 2750 docent.
1005 2728 1077 2749 rum
1094 2728 1156 2760 per
1171 2717 1417 2759 turpitudinem
1430 2717 1638 2750 amissorum.

298 2769 359 2798 297
385 2767 499 2809 Datoe]
519 2766 686 2810 Adeoque
701 2767 828 2800 Veneri
849 2768 951 2800 etiam
