1773 3121
598 170 862 203 msronuu
897 170 991 201 mu.
1026 171 1055 201 r.
1441 164 1553 207 1833

99 264 235 316 Quod
254 266 390 308 semel
408 269 476 307 est
495 264 658 319 triplici
678 279 759 320 pro
778 266 946 319 virgine
969 278 1089 308 caesa
1109 266 1285 318 Dianae,

152 333 286 375 Nunc
304 345 479 388 quoque
496 344 578 385 pro
598 332 719 373 nulla
737 333 906 386 virgine
929 346 1060 375 cerva
1080 334 1214 378 cadit.

95 399 212 442 Exta
232 413 387 442 canum
407 398 496 439 vidi
517 398 682 440 Triviae
705 399 844 440 libare
867 399 1054 454 Sapaeos
1071 414 1082 451 3

150 467 206 508 Et
225 468 484 521 quicumque
507 471 605 507 tuas
626 468 807 518 accolit,
831 468 1007 519 Haeme,
1027 468 1164 509 nives.

91 533 287 576 Caeditur
305 537 349 574 et
368 533 506 585 rigido
523 532 709 575 Custodi
730 536 844 576 ruris
865 536 1046 577 asellus.

146 599 295 641 Causa
315 600 527 652 pudenda
543 601 822 654 quidemest,
843 603 945 644 huic
962 606 1108 644 tamen
1128 605 1234 657 apta
1253 603 1365 646 Deo.

90 667 225 709 Festa
244 668 524 721 corymbiferi
545 669 804 711 celebrabas
826 669 1006 712 Graecia
1026 671 1211 722 Bacchi,

142 734 293 775 Tertia
313 748 412 789 quae
433 735 568 776 solito
591 740 782 791 tempore
803 738 958 780 bruma
978 738 1120 780 refert.

1465 470 1552 514 390

85 847 137 874 tur
152 844 219 876 Deo
233 844 305 875 cito.
352 845 436 880 Quia
452 855 541 876 certa
555 849 600 877 est
615 848 709 877 semel
730 850 866 878 mactata
883 847 1002 879 Dianoe
1024 848 1143 889 triplici
1154 858 1214 888 pro
1227 847 1343 889 puella,
1358 858 1438 880 nunc
1452 849 1549 880 etiam

84 890 237 918 mac-tatur
259 897 317 927 pro
343 888 427 918 nulla
452 889 562 928 puella.
613 889 686 920 Vidi
712 889 839 930 Sapaeos
863 893 893 921 et
919 891 1057 930 quisquis
1079 891 1196 931 positus
1221 894 1267 921 est
1292 892 1333 921 ad
1359 893 1428 921 luas
1448 892 1547 930 nites,

86 928 208 967 Hoeme,
215 929 325 968 facere
344 931 459 961 Tririoe
472 930 638 962 visceribus
652 942 771 962 canum.
817 933 942 964 Asellus
958 937 1113 964 mactatu»-
1128 934 1223 964 etiam
1238 933 1343 972 rigido
1358 935 1479 964 custodi
1494 943 1548 964 ru·

83 972 139 1002 ris.
187 973 288 1004 Causa
304 974 424 1014 quidem
447 977 491 1004 ese
515 974 626 1014 turpis,
641 976 695 1005 sed
711 978 813 1006 tamen
828 976 1008 1007 conceniens
1018 977 1090 1007 [mic
1105 976 1186 1007 Deo.
1235 976 1361 1007 Graecia
1375 975 1548 1007 celebrabas

74 1013 162 1050 festa
178 1015 296 1047 Bacchi
323 1015 531 1056 corymbiferi,
557 1027 625 1057 quae
648 1017 742 1047 tertia
768 1017 875 1048 bruma
898 1018 997 1056 refert
1020 1022 1153 1059 tempore
1179 1021 1330 1050 consueto.
1380 1019 1436 1050 Dii
1451 1019 1547 1050 etiam

693 1100 927 1112 eeeeeeeeeeee

80 1153 154 1184 vict.
169 1153 263 1194 pigra
272 1153 426 1184 D.—387
439 1154 491 1184 Ex
500 1152 694 1184 melioribus
708 1153 824 1185 Heius.
838 1154 970 1195 profert
981 1155 1094 1192 Quod‚·
1110 1155 1252 1196 ,plurimi
1268 1156 1355 1191 Quae.
1379 1156 1464 1187 Mox
1478 1155 1545 1187 duo

77 1195 153 1226 libri
165 1196 300 1235 geminae
317 1204 378 1235 pro
393 1195 512 1235 triplici
523 1206 533 1224 .·
555 1195 762 1228 Cod.Ursin.
777 1197 921 1235 gemina.-
946 1197 1068 1230 Heins.
1092 1199 1184 1239 conj.
1200 1208 1273 1229 sem.
1290 1199 1411 1238 AEgaeoe
1425 1208 1474 1238 pr.
1491 1198 1546 1230 vel

80 1238 202 1269 13:1⁶oeae
212 1247 273 1278 pro
290 1237 551 1269 Euboica—388
566 1238 696 1270 Multos
710 1248 784 1270 esse
795 1240 902 1279 locos,
912 1245 947 1272 et
964 1241 1070 1272 nostri
1085 1241 1198 1281 poetae
1209 1247 1245 1273 et
1258 1239 1545 1282 aliorum,quibus

76 1281 160 1312 cadit
181 1281 270 1312 tueri
293 1281 408 1319 liceat,
434 1281 549 1311 Burm.
565 1287 680 1313 monet
705 1283 792 1313 Met.
809 1292 874 1315 vu.
894 1286 965 1315 162.
991 1284 1081 1315 Fast.
1098 1293 1150 1315 vr.
1169 1287 1239 1315 160.
1263 1283 1370 1316 Trist.
1387 1293 1411 1315 1.
1428 1284 1474 1315 ix.
1490 1286 1545 1316 43.

77 1329 112 1354 et
124 1323 249 1364 passim
264 1334 272 1354 :
297 1323 432 1364 plurimi
449 1323 567 1364 scripti
581 1325 795 1356 datan—389
807 1326 968 1368 Quinque
989 1326 1069 1358 libri
1081 1327 1160 1358 Ext.
1176 1327 1281 1359 canis.-
1314 1327 1354 1358 R.
1370 1327 1474 1358 etiam
1497 1326 1544 1358 vi-

75 1366 130 1397 deo
142 1377 154 1403 ‚·
185 1371 222 1398 et
237 1367 402 1406 Excerpt.
428 1365 618 1398 Kloekhov.
642 1371 778 1399 mactare
805 1368 992 1409 Sap.—39o
1017 1370 1073 1401 Fr.
1098 1370 1230 1405 Herme,
1256 1369 1429 1400 nim—392
1454 1368 1543 1400 Huic

76 1408 174 1441 dedit
190 1409 313 1440 Heius.
335 1419 378 1440 ex
402 1409 600 1441 melioribus
618 1419 680 1450 pro
709 1411 798 1452 vulg.
814 1413 989 1444 sem-393
1013 1412 1124 1444 Codd.
1141 1418 1224 1445 vett.
1249 1413 1336 1445 Fest.
1352 1411 1542 1450 racemiferi-

734 1502 878 1535 NOTAE

76 1569 230 1611 aliisque.

118 1623 179 1651 385
206 1620 311 1661 Equo]
351 1620 420 1652 Soli
448 1621 576 1663 quippe
601 1622 779 1653 celerrimo

74 1671 201 1702 numini
235 1677 370 1712 gratum
401 1671 475 1703 t'ore
513 1673 617 1704 citum
655 1683 778 1715 equum

75 1721 193 1753 Persa:
209 1726 398 1754 autumant.

117 1771 318 1813 Hyperiona]
336 1773 468 1804 Dicunt
482 1773 631 1804 nonnulli
643 1773 778 1804 Titanis

74 1829 108 1855 et
134 1824 249 1854 Terrae
267 1822 371 1854 fuisse
396 1823 514 1862 tilium,
541 1824 701 1866 Solisque
720 1834 777 1865 pa-

71 1879 182 1905 trem:
217 1873 284 1904 alia
299 1874 447 1915 itemque
475 1874 531 1905 alii
562 1883 627 1905 non
658 1875 775 1906 multae

71 1923 190 1965 frugis.
234 1924 363 1955 Verum
381 1933 442 1965 pro
457 1924 535 1956 Sole
561 1925 634 1966 ipso
650 1925 776 1966 saepius

72 1973 226 2006 sumitur.

112 2026 175 2056 88⁷
201 2024 349 2066 Triplici]
384 2025 472 2058 Quia
496 2025 609 2065 trivia,
631 2026 774 2067 triceps,

71 2079 107 2107 et
122 2075 252 2116 triplici
270 2076 405 2107 nomine
425 2076 458 2107 in
482 2077 589 2115 coelis,
606 2077 722 2118 sylvis,
739 2082 775 2109 et

70 2124 192 2158 Inferis
208 2127 392 2168 appellata,
407 2131 443 2158 ut
460 2136 563 2168 supra
576 2127 719 2160 dictum.

118 2176 261 2217 Virgine]
292 2177 483 2218 Iphigenia,
515 2177 661 2217 scilicet,
685 2176 776 2218 Aga-

70 2228 255 2259 memnonis
272 2226 364 2267 filia,
387 2228 506 2259 Dianae
524 2228 591 2259 aris
615 2227 694 2259 ideo
718 2228 776 2260 ad·

70 2277 248 2317 movenda,
277 2277 366 2319 quod
398 2278 487 2319 ipse,
517 2278 656 2319 inscius,
686 2279 774 2311 illius

69 2336 202 2361 cervam
233 2329 436 2367 occidisset;
472 2339 534 2370 pro
565 2340 631 2371 qua
659 2335 773 2362 tamen

70 2379 180 2420 pneu·
195 2380 346 2411 Deorum
358 2380 578 2412 miseratione
589 2381 656 2412 alia
669 2390 772 2413 cerva

70 2429 256 2470 supposita.
302 2430 447 2461 Fabulas
473 2439 554 2461 vero
580 2430 771 2471 hujusmodi

70 2478 253 2512 identidem
271 2481 403 2522 prolixe
420 2486 580 2522 repetere
598 2492 663 2513 non
678 2481 771 2514 foret

72 2528 248 2562 radiosum
264 2528 378 2570 modo,
394 2531 453 2564 sed
479 2536 514 2563 et
532 2533 670 2571 inutile;
692 2543 770 2564 cum

73 2578 194 2620 ubique
210 2587 365 2621 prostent
391 2583 566 2624 elegantes
592 2583 698 2616 libelli
714 2585 770 2626 qui

70 2629 129 2660 hu
143 2638 257 2660 omnes
270 2632 461 2665 enucleant.

113 2681 177 2710 288
203 2679 313 2720 Nulla]
337 2681 438 2714 Nulla
450 2682 578 2724 quippe
592 2683 770 2725 Iphigenia

65 2731 138 2771 jum
154 2729 359 2763 redimendo.

878 1576 942 1604 389
961 1572 1095 1612 Canum]
1118 1572 1197 1604 Non
1211 1571 1270 1603 abs
1282 1581 1318 1603 re
1331 1580 1426 1611 sane,
1437 1570 1541 1613 siqui-

835 1622 912 1653 dem
928 1623 1060 1653 illorum
1073 1622 1200 1653 latratu
1213 1622 1454 1662 phantasmata
1463 1631 1540 1664 quae

834 1672 876 1704 ab
890 1673 1010 1712 Diana,
1026 1682 1085 1704 seu
1102 1672 1248 1712 Hecate,
1259 1677 1318 1704 aut
1334 1672 1541 1714 Proserpina

833 1723 1078 1761 immittuntur,
1113 1732 1156 1754 ex
1194 1723 1336 1754 istorum
1367 1723 1540 1754 hominum

833 1773 993 1813 opinione
1020 1778 1138 1804 contra
1154 1773 1228 1813 ejus
1246 1774 1458 1805 voluntatem
1473 1773 1540 1805 dis-

832 1823 1020 1854 solvuntur.
1517 1827 1521 1830 ⁴

881 1873 968 1914 Vidi]
983 1874 1060 1907 Quo
1076 1878 1233 1914 tempore
1248 1874 1371 1904 credas
1385 1874 1464 1904 exul
1475 1883 1537 1914 per

829 1924 1000 1956 Thracum
1013 1923 1097 1955 fines
1113 1924 1180 1956 iter
1197 1923 1328 1964 habuit,
1345 1923 1396 1955 uti
1406 1923 1537 1956 dictum

830 1974 864 2005 in
880 1974 1062 2006 Tristibus.

873 2025 1015 2065 Sapoeos]
1044 2024 1199 2057 Thraciae
1221 2023 1361 2056 fuerunt
1377 2025 1537 2066 populus,

829 2075 887 2116 qui
903 2080 939 2106 et
953 2076 1092 2116 Sinties,
1108 2075 1208 2115 Sinti,
1222 2080 1257 2107 et
1271 2075 1342 2106 Saii
1355 2075 1536 2117 aliquando

829 2125 927 2166 dicti,
942 2125 1138 2158 habitantes
1154 2127 1187 2158 iu
1210 2127 1328 2158 littore
1351 2126 1445 2158 circa
1467 2124 1538 2157 Ab·

830 2175 960 2208 deram.

874 2229 937 2258 390
951 2226 1077 2269 Hoeme]
1093 2227 1235 2259 Haemus
1251 2237 1345 2259 mons
1362 2232 1413 2259 est
1426 2227 1534 2259 Thra-

829 2277 892 2308 ciae
908 2277 1058 2309 nivosus.
1104 2279 1230 2310 Verum
1247 2278 1385 2309 dubium
1398 2287 1463 2309 non
1481 2282 1536 2310 est

829 2327 909 2369 quin
937 2327 980 2358 de
1011 2328 1190 2368 Zerintho,
1221 2338 1321 2369 quam
1351 2328 1468 2360 urbem
1497 2331 1534 2359 et

826 2382 963 2408 antrum
1007 2377 1160 2409 Hecates
1203 2376 1287 2409 facit
1325 2378 1532 2419 Stephanus,

826 2427 1030 2468 Lycoplirou
1047 2428 1056 2443 ‘
1071 2428 1172 2459 Canis
1192 2427 1338 2459 antrum’
1363 2428 1462 2468 dixit,
1477 2437 1533 2459 co·

825 2478 987 2518 gitaverit
1013 2477 1117 2509 Naso.
1167 2478 1326 2519 Namque
1357 2484 1393 2509 et
1419 2479 1530 2518 ipsum

825 2528 901 2559 illac
947 2528 1124 2560 transiisse
1168 2528 1201 2559 in
1239 2529 1409 2560 Tristibus
1445 2528 1529 2558 vidi-

824 2588 919 2618 mus;
954 2584 990 2610 et
1015 2578 1060 2610 ibi
1089 2579 1209 2610 solitos
1233 2579 1406 2619 praecipue
1428 2585 1528 2608 canes

826 2629 962 2661 Hecate
980 2629 1146 2661 immolari
1160 2629 1258 2660 testis
1272 2627 1406 2658 Snidus.

867 2683 926 2711 391
947 2679 1080 2720 Rigido]
1097 2679 1233 2718 Priapo,
1247 2677 1392 2715 scilicet,
1417 2677 1527 2710 Vcnc.

826 2732 870 2765 ris
887 2737 922 2764 ct
948 2731 1076 2765 Bacchi
1097 2730 1180 2772 tilio,
1206 2729 1303 2770 cnjus
1332 2728 1466 2760 ridiculi
1490 2735 1526 2762 et
1554 2751 1556 2754 ψ
