1773 3121
194 236 308 280 1964
677 248 716 278 P.
751 247 909 277 ovrml
942 246 1167 277 NAsoms·

193 342 356 384 Emissi
375 343 481 396 quid
502 344 632 395 agant
650 341 839 396 laqueis,
863 355 960 394 quae
983 342 1179 382 carmina
1198 341 1357 393 dicant,

250 409 440 463 Quaque
460 410 635 451 trahant
656 410 826 464 superis
847 410 1027 449 sedibus
1048 412 1136 449 arte
1156 408 1185 450 J
1188 422 1313 450 ovem
1330 424 1341 462 ;

194 477 316 518 Scire
335 477 459 518 nefas
478 477 653 519 homini.
714 478 856 518 Nobis
877 490 1090 518 concessa
1109 481 1332 528 canantur,
1558 475 1644 517 325

250 543 456 598 Quaeque
474 546 550 598 pio
572 546 685 586 disci
702 546 816 587 vatis
837 547 892 586 ab
913 557 985 585 ore
1005 545 1122 585 licet.

192 611 385 654 Eliciunt
406 614 524 654 coelo
544 616 600 663 te,
625 613 811 667 Jupiter.
871 612 1000 652 Unde
1027 612 1215 652 minores

249 678 380 720 Nunc
403 692 576 734 quoque
598 684 638 721 te
661 681 891 729 celebrant,
913 679 1189 732 Eliciumque
1208 682 1383 720 vocant.

191 743 377 788 Constat
397 745 629 788 Aventinae
658 747 886 788 tremuisse
907 746 1137 786 cacumina
1158 747 1294 800 sylvae
1313 760 1323 788 ;

245 812 466 865 Terraque
489 813 685 853 subsedit
705 812 898 865 pondere
918 824 1071 863 pressa
1091 812 1120 852 J
1123 814 1234 853 ovis.
1560 811 1644 853 330

190 877 335 919 Corda
356 880 518 920 micant
539 879 702 930 Regis:
733 883 918 930 totoque
940 890 963 917 e
984 881 1160 929 pectore
1182 880 1363 931 sanguis

247 945 379 998 Fugit
396 960 405 996 3
438 950 481 986 et
499 947 680 986 hirsutae
700 946 912 998 diriguere
934 956 1092 985 comae.

188 1010 252 1052 Ut
270 1013 398 1055 rediit
416 1015 600 1064 animus,
625 1014 699 1054 Da
719 1017 837 1054 certa
852 1013 1062 1066 piamina,
1085 1011 1213 1061 dixit,

246 1079 473 1131 Fulminis,
496 1081 683 1122 altorum
704 1081 896 1134 Rexque
918 1080 1135 1133 Paterque
1157 1079 1300 1120 Deum
1321 1091 1331 1120 :

188 1146 237 1187 Si
258 1151 333 1188 tua
352 1149 615 1200 contigimus
635 1150 840 1190 manibus
861 1149 1042 1189 donaria
1061 1147 1181 1200 puris
1198 1159 1208 1197 3
1560 1145 1645 1187 3:35

246 1213 347 1254 Hoc
370 1228 560 1268 quoque,
581 1216 697 1268 quod
717 1215 896 1268 petitur,
918 1215 955 1254 si
977 1214 1054 1266 pia
1072 1215 1222 1265 lingua
1240 1216 1381 1264 rogat.

185 1334 301 1366 homini
316 1343 493 1373 cognoscere
507 1333 579 1374 quid
595 1333 719 1371 faciant
737 1334 829 1364 levati
846 1334 986 1370 vinculis,
1011 1343 1077 1372 quoe
1101 1332 1238 1363 carmina
1252 1332 1430 1372 proferant,
1455 1336 1485 1363 et
1501 1342 1561 1373 qua
1575 1335 1644 1364 arte

186 1378 335 1408 deducant
351 1378 458 1407 Jovem
473 1378 560 1406 domo
573 1377 717 1406 oetherea.
763 1376 868 1406 Lioita
884 1378 931 1406 (Ιίι
927 1379 1026 1406 entur
1041 1386 1058 1405 (ι
1073 1375 1171 1413 nobis,
1194 1379 1223 1405 et
1240 1385 1307 1415 quoe
1319 1378 1445 1415 possunt
1455 1375 1645 1417 palumfieri

184 1419 222 1450 ab
237 1430 289 1450 ore
302 1419 354 1458 pio
368 1418 478 1458 po'e'tce.
523 1418 650 1456 Jupiter
665 1418 794 1447 eliciunt
809 1421 839 1447 te
854 1419 947 1453 coelo,
970 1418 1048 1447 unde
1064 1417 1197 1447 minores
1213 1419 1316 1447 colunt
1338 1421 1367 1447 te
1381 1421 1481 1456 atque
1487 1414 1645 1457 appellant

185 1462 333 1492 Elicium.
383 1462 511 1490 Certum
537 1463 582 1489 est
607 1460 736 1489 ⁴iertices
761 1460 895 1489 nemoris
920 1440 1072 1489 {centini
1098 1459 1280 1494 tremuisse,·
1303 1464 1394 1498 atque
1420 1459 1510 1489 tellus
1534 1462 1644 1490 onusta

183 1504 316 1544 pondere
337 1503 428 1532 Jovis
443 1501 592 1531 subsedit.
640 1502 701 1531 Cor
719 1501 816 1540 Regis
831 1502 980 1541 trepidat,
1007 1503 1037 1530 et
1063 1503 1191 1539 sanguis
1211 1496 1303 1539 sugit
1322 1510 1360 1530 ex
1376 1504 1440 1531 toto
1452 1503 1589 1550 pectore,
1613 1504 1644 1531 et

183 1545 300 1584 hispidi
322 1544 425 1583 capilli
441 1544 676 1574 exhorruerunt.
723 1544 889 1583 Postquam
907 1553 991 1574 mens
1006 1543 1113 1580 rediit,
1138 1543 1236 1581 Doce,
1260 1543 1375 1582 inquit,
1398 1547 1483 1574 certa
1502 1543 1643 1591 piamina

173 1587 333 1625 fulminis,
350 1587 422 1616 Rex
439 1590 471 1616 et
486 1586 619 1616 Genitor
633 1586 809 1616 sublimium
822 1587 982 1616 Deorum:
1005 1585 1234 1615 stadmovimus
1256 1595 1363 1616 manus
1376 1596 1468 1625 puras
1482 1586 1546 1617 tuis
1556 1585 1643 1622 aris:

183 1631 210 1660 si
226 1629 321 1661 etiam
342 1630 397 1670 pia
423 1630 531 1668 lingua
557 1632 625 1659 orat
650 1629 703 1659 hoc
727 1630 806 1669 quod
826 1629 960 1669 petitur.
1006 1628 1190 1658 Assentitur
1215 1629 1363 1667 roganti:
1386 1638 1491 1659 verum
1513 1623 1644 1668 ambage

793 1713 1025 1725 eneeeeeme·

184 1769 240 1801 alii
258 1768 299 1800 ab
315 1768 433 1800 Heius.
450 1768 587 1799 collati:
613 1769 667 1799 Fr.
692 1777 801 1798 summ.
821 1768 990 1807 productus
1009 1767 1047 1797 ab
1070 1777 1132 1798 arc.
1154 1768 1251 1798 Voss.
1268 1766 1396 1799 Arund.
1423 1777 1474 1808 pr.
1491 1766 1533 1799 A.
1549 1768 1641 1800 Maz.

182 1817 219 1843 et
234 1812 333 1842 multi
350 1812 407 1842 alii
423 1812 525 1842 calida
550 1811 651 1842 veniet
677 1812 745 1841 ded.
772 1811 809 1840 ab
834 1814 914 1848 arte,
940 1810 994 1840 vel
1017 1813 1209 1841 arca—322
1232 1811 1321 1841 Maz.
1355 1811 1396 1841 N.
1418 1811 1580 1850 promissis
1604 1810 1639 1841 S.

184 1854 226 1885 A.
248 1858 319 1885 test.
341 1855 399 1885 ait.
402 1857 508 1884 —323
534 1855 588 1884 Fr.
608 1854 725 1884 Emiffvs
753 1854 810 1893 laq.
827 1864 857 1893 q.
873 1863 924 1892 ug.
942 1857 1072 1883 mutato
1088 1852 1216 1883 ordine.
1219 1855 1325 1884 -324
1349 1853 1403 1884 Fr.
1431 1854 1501 1888 Qua
1523 1853 1607 1884 trah.
1621 1863 1642 1884 α

180 1906 245 1937 sup.
247 1900 352 1928 —325
378 1896 446 1928 Alii
464 1898 543 1927 hom.
563 1900 628 1927 est:
651 1902 687 1926 et
703 1906 778 1927 mox
796 1906 878 1926 conc.
903 1898 1051 1925 canentur
1055 1897 1170 1925 .--326
1193 1895 1286 1926 Libri
1303 1900 1386 1926 vett.
1403 1905 1478 1926 cum
1495 1895 1641 1935 vulgatis

179 1940 226 1979 pi.
242 1940 303 1970 dici
318 1943 381 1971 rat.
422 1939 474 1970 Au
491 1939 554 1969 dici
569 1939 652 1969 satis
670 1944 748 1978 apte
763 1938 817 1968 hic
833 1938 967 1977 legatur
983 1937 1124 1967 dubito:
1142 1938 1306 1967 «lucianus
1323 1937 1349 1966 V
1354 1937 1516 1976 ossianus,
1533 1937 1639 1968 multo

181 1982 328 2020 rectius;
353 1983 416 2011 uisi
431 1982 522 2017 disci,
539 1986 576 2012 ut
593 1981 670 2011 olim
687 1981 884 2020 conjecerat
901 1979 1074 2016 Heinsius,
1095 1979 1168 2018 quis
1184 1979 1298 2016 malit3
1322 1989 1379 2018 qu·
1370 1989 1396 2008 ε
1414 1960 1518 2009 verba²
1537 1978 1638 2010 modo

180 2033 229 2053 vs.
243 2026 316 2054 313.
333 2030 369 2054 et
383 2033 515 2062 semper
529 2023 600 2052 fe1e
616 2028 816 2071 permutata,
863 2022 906 2051 Et
924 2030 1015 2060 saepe
1040 2020 1158 2055 Poeta,
1182 2021 1237 2060 qni
1261 2021 1407 2051 Deorum
1436 2021 1637 2060 discipulum

181 2074 218 2095 se
248 2066 426 2105 aliquando
457 2064 648 2104 profitetur,
679 2066 711 2094 in
739 2065 790 2094 his
813 2061 915 2093 libris
943 2063 1082 2092 aliorum
1111 2063 1283 2093 doctorem
1301 2064 1391 2099 anit:
1419 2069 1455 2093 ut
1480 2063 1539 2093 inf.
1563 2066 1637 2094 436.

179 2107 190 2124 ‘
205 2106 307 2137 Disce
324 2109 396 2147 quis
413 2108 478 2136 iste
502 2108 606 2136 Deus.
637 2109 770 2136 1ν.140.
803 2106 1003 2144 ‘Causaque
1019 2113 1106 2134 curs
1093 2104 1172 2134 <cub
1168 2110 1209 2134 at
1221 2103 1378 2145 (discite)
1392 2112 1487 2136 certa
1498 2105 1640 2137 subest

182 2153 218 2180 et
233 2148 335 2179 alibi:
364 2148 429 2178 vid.
448 2147 505 2178 inf.
522 2158 570 2177 vs.
596 2151 669 2178 408.
694 2149 732 2177 ab
748 2157 800 2177 ore
815 2150 928 2186 queunt
945 2147 975 2177 G
962 2157 1039 2186 1r3=1
1036 2148 1074 2175 h.
1091 2154 1122 2175 et
1139 2147 1302 2187 Excerpt.
1319 2148 1492 2188 Scaligeii.
1523 2148 1636 2181 Βωηι.

181 2193 284 2222 —331
311 2191 367 2221 Fr.
383 2200 456 2220 cum
476 2190 675 2230 quibusdam
694 2189 832 2229 scriptis
849 2194 885 2219 et
910 2188 1009 2230 editis
1031 2200 1046 2219 e
1068 2199 1190 2228 corpore
1205 2193 1403 2228 sang.-—332
1411 2173 1479 2221 OSa.
1495 2195 1532 2222 et
1547 2191 1636 2222 Mor.

181 2241 267 2264 unus
283 2233 420 2274 Effugit,
434 2233 614 2262 hirs—333
632 2232 776 2261 Plurimi
792 2231 943 2270 rediitque
958 2232 1051 2261 anim.
1064 2236 1097 2261 et
1116 2241 1191 2261 mox
1207 2232 1260 2263 Fr.
1277 2235 1352 2262 cert.
1369 2233 1501 2273 piacula,
1522 2233 1635 2264 dix.—

180 2278 241 2307 335
253 2276 332 2307 Pat.
344 2285 428 2306 unus
442 2285 522 2305 man.
537 2275 676 2304 sacraria
684 2276 866 2314 pura—336
878 2274 930 2303 Sa.
944 2275 1024 2313 quod
1038 2275 1284 2313 petimus—337
1301 2275 1368 2306 Alii
1378 2285 1464 2306 oran.
1474 2284 1637 2316 verumque

835 2370 973 2401 NOTAE

221 2437 286 2465 ⁸22
310 2435 443 2474 Nubila]
467 2434 563 2466 Atra.
976 2437 1035 2465 331
1062 2435 1202 2475 Micant]
1236 2434 1515 2472 Tremunt,tanti
1528 2434 1635 2466 numi·

223 2487 285 2516 327
314 2484 416 2523 Unde]
441 2485 490 2514 Ex
505 2495 543 2515 eo
559 2484 646 2525 quod
659 2485 743 2515 coelo
756 2485 878 2517 Jovem
932 2484 984 2514 nis
1002 2486 1152 2521 horrore,
1173 2485 1246 2515 sen.

179 2534 331 2565 eliciunt.
378 2534 431 2563 Itu
450 2544 529 2564 vero
558 2535 600 2564 ad
618 2534 783 2565 elicienda
799 2543 877 2565 con·
976 2533 1087 2572 Regis]
1117 2535 1248 2564 Numae.

181 2583 257 2614 silia
280 2592 372 2613 aram
400 2583 430 2612 in
458 2584 626 2614 Aventino
652 2584 782 2614 dicasse
809 2584 878 2615 Nu·
975 2586 1035 2613 333
1063 2583 1221 2621 Pinmina]
1273 2582 1403 2614 Quibus
1439 2587 1473 2613 te
1508 2583 1631 2623 possim

178 2642 268 2664 mam
285 2637 430 2664 testatur
452 2634 578 2664 Livius.
934 2634 1070 2673 placare
1103 2632 1268 2662 sacrificia
1298 2632 1416 2669 edoce,
1445 2642 1487 2663 ue
1514 2634 1632 2664 mittas

222 2683 378 2723 Minores]
411 2684 551 2715 Posteri.
933 2683 1087 2719 fulmina,
1102 2688 1135 2713 et
1150 2683 1311 2723 fulgurita
1325 2689 1559 2723 procurentur.

222 2735 285 2763 330
303 2733 408 2772 Jovis]
433 2734 499 2764 Qui
514 2733 704 2775 descendit,
718 2734 788 2766 scil.
805 2739 878 2765 arte
976 2735 1036 2764 335
1061 2732 1113 2772 Si]
1135 2733 1214 2772 Pro,
1227 2734 1456 2773 siquidemsut
1470 2743 1587 2774 supra.

180 2782 347 2816 deductus
364 2783 481 2817 Fauni.
977 2782 1136 2824 nonaria]
1173 2782 1317 2826 Altaria,
1332 2793 1391 2816 seu
1408 2793 1495 2826 arn,
1508 2783 1542 2815 in
1557 2782 1630 2826 qui-
