1773 3121
233 174 346 216 1828
729 185 768 215 P.
801 184 956 214 ovum
993 182 1204 213 NAsole

235 279 363 327 Pars,
384 278 489 331 quia
510 290 596 317 non
616 277 793 317 veniant
811 276 1020 330 pecudes,
1042 276 1120 316 sed
1141 278 1338 328 agantur,
1361 276 1417 316 ab
1439 281 1542 317 actu

294 344 468 385 Nomen
489 341 733 395 Agonalem
753 342 891 383 credit
909 342 1070 382 habere
1091 342 1222 382 diem.

233 410 345 450 Pars
364 413 490 462 putat
506 409 590 449 hoc
610 409 769 449 festum
789 409 950 461 priscis
969 407 1157 461 Agnalia
1176 409 1342 450 dictum
1359 423 1371 460 3
1601 408 1687 449 3:25

291 476 392 516 Una
411 477 471 516 sit
491 481 537 517 ut
557 476 732 529 proprio
752 476 878 516 litera
899 476 1044 517 demta
1058 477 1175 517 loco.

232 543 320 593 An,
344 544 448 597 quia
467 544 682 597 praevisos
703 544 747 583 in
763 556 879 596 aqua
898 543 1017 585 timet
1035 544 1177 584 hostia
1197 544 1374 594 cultros,

290 610 333 651 A
355 612 527 664 pecoris
548 612 627 651 lux
646 615 713 652 est
731 611 819 651 ista
833 615 984 652 notata
1005 612 1153 652 metu?

232 680 347 720 Pars
368 679 511 728 etiam,
530 679 624 719 fieri
645 679 786 719 solitis
807 682 935 719 aetate
958 679 1148 732 priorum
1664 721 1667 724 ,

292 745 490 786 Nomina
509 746 562 786 de
582 746 698 786 ludis
721 746 856 786 Graia
878 746 1029 786 tulisse
1049 745 1176 786 diem.
1600 744 1686 786 330

231 811 290 853 Et
310 825 452 864 pecus
474 813 682 865 antiquus
699 812 876 852 dicebat
898 810 1074 863 Agonia
1093 824 1235 852 sermo
1253 825 1262 851 :

286 878 492 932 Veraque
508 879 678 932 judicio
698 883 767 919 est
786 879 942 929 ultima
962 891 1099 918 causa
1114 891 1228 918 meo.

231 944 380 998 thue
399 958 453 985 ea
472 958 585 985 nunc
609 948 726 985 certa
746 948 812 985 est
828 958 840 996 ;
854 944 930 984 ¹:ita
953 944 1057 984 Rex
1077 944 1253 997 placare
1272 956 1496 985 sacrorum

288 1011 483 1053 Numina
499 1012 701 1065 lanigerae
724 1012 911 1065 conjuge
933 1012 1061 1052 debet
1083 1012 1197 1053 ovis.

231 1078 444 1127 Victima,
466 1091 565 1132 quae
587 1079 742 1119 dextra
762 1078 919 1119 cecidit
935 1079 1126 1127 victrice,
1150 1081 1344 1120 vocatur.
1601 1080 1687 1122 335

287 1145 509 1186 Hostibus
527 1145 683 1186 amotis
701 1145 845 1186 hostia
866 1157 1022 1185 nomen
1042 1145 1184 1187 habet.

230 1267 301 1296 tant
330 1264 411 1295 aiem
443 1265 614 1304 Agonalem
643 1265 753 1296 habere
786 1275 893 1296 nomen
920 1264 958 1294 ab
984 1268 1066 1301 actu,
1092 1265 1164 1305 quia
1187 1274 1255 1295 oves
1281 1274 1341 1295 non
1362 1265 1509 1296 accedant
1522 1266 1575 1296 sed
1590 1275 1688 1305 agan-

231 1311 293 1339 tur.
341 1307 422 1337 Pars
451 1308 575 1338 credunt
606 1309 661 1338 hoc
683 1308 803 1345 festum
829 1309 1016 1347 appellatum
1045 1308 1183 1346 Agnalia
1213 1318 1231 1336 a
1258 1307 1422 1346 veteribus,
1453 1311 1487 1337 ut
1511 1317 1573 1338 una
1595 1309 1689 1340 litera

228 1350 272 1380 sit
294 1349 416 1379 sublata
436 1351 561 1389 proprio
592 1352 665 1381 loco.
709 1351 772 1389 An,
799 1350 870 1389 qnia
897 1350 1023 1380 victima
1048 1350 1157 1379 metuit
1172 1351 1286 1380 cultros
1298 1350 1445 1389 proevisos
1459 1349 1493 1380 in
1515 1360 1604 1390 aqua,
1622 1351 1686 1381 haec

230 1393 297 1422 dies
320 1394 365 1422 est
391 1392 516 1430 signata
545 1402 564 1422 a
590 1395 673 1422 metu
709 1390 849 1431 pecoris?
894 1392 962 1422 Alii
985 1401 1101 1430 quoque
1128 1391 1339 1421 arbitrantur
1365 1392 1445 1421 diem
1470 1391 1610 1423 habuisse
1633 1402 1686 1422 no·

230 1434 314 1464 mina.
345 1434 458 1464 Groeca
483 1435 520 1464 de
550 1434 630 1465 ludis
658 1434 758 1464 solitis
787 1434 936 1464 celebrari
969 1437 1103 1472 tempore
1136 1433 1295 1471 majorum.
1339 1435 1443 1472 Atque
1465 1434 1572 1473 lingua
1599 1438 1688 1465 retus

229 1475 404 1515 appellabat
421 1476 551 1506 hostiam
566 1477 744 1515 Agoniam:
768 1479 797 1506 et
823 1476 932 1506 ultima
958 1476 1040 1505 ratio
1065 1479 1110 1506 est
1133 1486 1205 1506 vera
1230 1485 1296 1505 mea
1319 1475 1483 1506 sententia.
1528 1477 1572 1506 Et
1592 1476 1687 1507 sicuti

229 1528 266 1548 ea
281 1527 358 1548 nunc
373 1521 457 1548 certa
469 1521 526 1557 est,
539 1518 585 1548 ita
600 1519 668 1548 Rem
677 1528 831 1549 sacrorum
847 1521 969 1548 tenetur
975 1517 1099 1557 placare
1116 1519 1199 1549 Deos
1209 1518 1320 1548 marito
1332 1517 1397 1548 ovis
1406 1517 1566 1556 lanigerae.
1590 1518 1688 1550 Victi-

229 1569 280 1592 ma
289 1561 474 1601 appellatur,
484 1570 550 1600 quoe
556 1561 719 1601 procubuit
729 1561 841 1591 dextra
851 1560 987 1591 victrice.
999 1560 1117 1591 Hostia
1129 1560 1218 1591 habet
1231 1570 1337 1591 nomen
1349 1559 1386 1590 ab
1397 1559 1533 1591 hostibus
1542 1560 1689 1602 depulsi&

838 1643 1074 1654 eeeeeeeeeeee

231 1696 398 1728 edebatur
414 1697 448 1728 S.
464 1700 539 1737 agat
554 1708 591 1729 ne
606 1701 710 1736 rogat,
720 1708 775 1729 nec
790 1697 884 1737 nisij.
900 1699 980 1736 agit.
1003 1698 1117 1728 Primo
1134 1697 1242 1736 Agone
1260 1697 1383 1728 Heins.
1407 1700 1538 1728 rectum
1554 1701 1686 1737 censet,

230 1738 321 1779 quod
348 1744 420 1780 opt.
449 1740 490 1771 A.
516 1740 602 1771 Laeti
627 1740 709 1772 Cod.
740 1746 774 1771 et
802 1741 867 1771 dno
895 1742 932 1771 F.
958 1740 1213 1780 praestantiores
1241 1740 1416 1770 exhibent.
1460 1740 1596 1770 Deinde
1622 1750 1684 1781 pro

229 1784 321 1820 rogat
337 1782 416 1813 Pet.
431 1782 546 1813 Ursin.
564 1784 662 1815 Voss.
679 1783 810 1814 Art-nd.
829 1788 863 1813 et
880 1787 1009 1822 septem
1027 1783 1082 1813 alii
1098 1793 1209 1821 ⁷·0ga3‚
1204 1793 1211 1800 ·
1227 1792 1312 1813 unus
1324 1782 1405 1813 Pat.
1421 1791 1522 1821 roges·
1546 1782 1684 1813 Deinde

230 1824 259 1854 1
262 1833 289 1853 r.
306 1822 435 1856 Arnnd.
460 1834 544 1855 unus
560 1826 649 1856 Mor.
665 1831 701 1855 et
717 1825 784 1855 duo
802 1826 855 1854 alii
873 1835 909 1855 ne
935 1835 997 1864 pro
1014 1835 1078 1855 nec.
1122 1825 1284 1855 Meliores
1300 1825 1402 1855 etiam
1428 1827 1504 1863 agat
1525 1826 1578 1856 vel
1600 1828 1686 1864 aget.

230 1866 351 1898 Heius.
377 1867 522 1897 exhisce
535 1867 692 1909 vestigiis
708 1866 756 1897 ita
773 1867 908 1905 refingit
925 1877 972 1897 vs.
1019 1867 1139 1905 Agone,
1167 1876 1268 1904 roges,
1294 1876 1348 1896 nec
1357 1866 1428 1896 nisi
1443 1867 1473 1904 ,7’.
1489 1876 1576 1905 agas.
1577 1869 1682 1897 —325

230 1907 314 1939 Jun.
337 1908 378 1938 A.
407 1909 481 1939 dici.
484 1911 591 1939 ——326
620 1910 700 1941 Jun.
731 1910 858 1948 Unaqut
881 1910 922 1938 sit
946 1918 1035 1948 prop.
1059 1913 1094 1938 et
1120 1909 1210 1939 Mor.
1232 1908 1332 1947 primo
1355 1917 1417 1948 pro
1439 1908 1576 1948 proprio.
1578 1911 1686 1940 —328

231 1949 362 1980 Multi
350 1960 417 1989 ipsa
434 1961 495 1990 pio
511 1951 581 1982 ista.
620 1952 710 1981 Maz.
733 1951 796 1981 ista
810 1954 916 1981 iocata
932 1954 1005 1981 met.
1009 1953 1115 1980 —329
1139 1950 1220 1980 Pars
1237 1950 1356 1980 Heius.
1374 1950 1487 1990 placet
1504 1960 1580 1980 cum
1594 1951 1684 1981 Maz.

231 1991 332 2030 Laeti,
348 1997 492 2032 quatuor
516 1994 554 2023 F.
582 1997 618 2024 et
639 1994 710 2023 aliis
727 1993 893 2023 nonnullis
920 2003 989 2032 prae
1015 1993 1104 2030 vulg.
1132 1992 1313 2022 Fas.—330
1337 1992 1480 2022 Plutimi
1495 1992 1587 2023 inter
1601 2002 1684 2033 quos

231 2037 305 2073 opt.
329 2033 371 2063 A.
389 2040 422 2064 et
440 2044 522 2064 unns
539 2035 618 2066 Pat.
644 2038 738 2074 grata
756 2045 816 2074 pro
835 2035 1052 2065 Graiaffi331
1079 2035 1179 2064 Pecus
1204 2039 1256 2065 est
1283 2044 1325 2064 ex
1346 2034 1459 2066 Ursin.
1483 2039 1556 2074 opt.
1580 2034 1622 2066 A.
1648 2039 1685 2066 et

231 2085 291 2106 sex
309 2075 381 2105 aliis
399 2086 472 2105 cnm
491 2086 540 2116 pr.
560 2077 624 2107 Ed.
639 2078 729 2116 vulg.
750 2078 849 2117 prius.
895 2077 963 2106 Alii
979 2077 1037 2107 dic.
1055 2076 1208 2115 Agimina
1221 2079 1420 2107 serim—333
1444 2077 1559 2108 Ursin.
1575 2081 1611 2108 et
1627 2077 1685 2108 de-

232 2127 308 2148 cem
326 2117 382 2147 alii
399 2118 561 2149 exhibent
575 2129 672 2149 nunc.-
696 2119 754 2149 sed
782 2120 877 2150 nmlti
904 2124 990 2149 vett.
1014 2129 1089 2149 cnm
1118 2120 1207 2158 vulg.
1236 2119 1322 2149 Edd.
1349 2129 1420 2150 mm.
1465 2119 1603 2150 Deinde
1629 2120 1684 2152 Fr.

229 2161 309 2200 plac.
327 2160 467 2191 Deorum
478 2171 490 2197 ;
505 2161 650 2193 Strozzae
661 2163 923 2193 sacerdos—336
935 2161 1054 2192 Heins.
1066 2161 1162 2192 dedit
1170 2162 1281 2192 amotis
1290 2166 1325 2193 et
1335 2161 1578 2193 Ursin.etPat.
1591 2161 1684 2194 Hec-

889 2258 1027 2290 NOTAE

232 2317 452 2350 sacrificulus.
984 2323 1371 2364 certamen‚primusque
1380 2323 1682 2355 dicitnrHercules

274 2371 338 2399 326
357 2368 442 2408 Una]
467 2368 511 2407 O,
527 2370 669 2403 scilicet.
692 2372 760 2403 Sed
776 2372 930 2404 subtilior
983 2373 992 2389 ‘
1003 2372 1189 2412 Agonales’
1211 2373 1306 2404 ludos
1319 2374 1353 2404 in
1369 2374 1468 2404 Elide
1484 2373 1683 2405 instituisse.

231 2428 328 2460 quam
341 2419 452 2450 verior
465 2420 598 2451 videtur
613 2422 686 2453 haec
699 2423 930 2464 Etymologia3
1026 2425 1088 2453 333
1108 2423 1179 2453 Rex
1191 2424 1362 2464 sacrorum]
1374 2424 1452 2454 Saci
1461 2423 1591 2454 ificulus
1604 2423 1683 2464 fuit,

231 2469 309 2510 quia
335 2478 402 2500 non
430 2479 527 2510 agna,
556 2471 615 2501 sed
648 2473 747 2512 aries,
774 2478 873 2514 atque
901 2475 928 2505 is
983 2473 1148 2504 Pontifici
1171 2473 1355 2514 subjectus,
1370 2483 1470 2514 quem
1494 2477 1683 2514 postexac-

232 2520 392 2560 princeps
409 2520 534 2560 gregis,
547 2530 587 2550 eo
604 2520 657 2551 die
674 2523 896 2554 mactabatur.
983 2527 1036 2554 tos
1059 2532 1168 2563 reges,
1193 2523 1338 2554 Consule
1363 2524 1486 2562 Bruto,
1507 2531 1682 2563 creavere,

274 2573 337 2600 32⁷
360 2570 476 2610 Timet]
506 2569 660 2609 Ἀ-γωνιάω
680 2572 767 2602 enim
791 2573 928 2605 Graeco-
983 2574 1060 2605 ideo
1076 2573 1165 2615 quod
1186 2573 1341 2614 quaedam
1359 2573 1498 2614 publica
1511 2583 1606 2605 sacra
1620 2583 1683 2614 per

232 2629 305 2651 rum
319 2624 370 2651 est
383 2620 487 2659 timeo,
498 2630 557 2652 seu
573 2626 657 2653 meta
674 2632 784 2663 angor,
796 2623 930 2655 Latino·
983 2625 1074 2665 ipsos
1097 2633 1194 2664 reges
1211 2622 1370 2655 factitata
1385 2628 1495 2664 erant,
1511 2627 1547 2655 et
1560 2623 1684 2655 necubi

233 2679 317 2700 rum.
984 2674 1117 2704 illorum
1135 2673 1338 2704 desiderium
1355 2678 1454 2705 esset.
1620 2668 1625 2671 ’

276 2722 338 2752 330
363 2720 480 2762 Graia]
512 2720 611 2761 Ἀγὼν
626 2723 715 2754 enim
731 2722 862 2756 Graecis
877 2727 930 2756 est
1026 2726 1087 2755 335
1117 2722 1266 2764 Victima]
1305 2722 1400 2756 Ausa
1429 2728 1541 2756 sumta
1570 2732 1613 2755 ex
1639 2722 1680 2755 iis
