1773 3121
476 205 952 238 METAMORPHOSEON
988 205 1085 238 Lm.
1118 206 1226 238 xiv.
1469 198 1583 241 1653

123 303 229 346 Ulla
248 303 396 358 priora
412 313 575 350 sumuS,
597 312 729 353 quam
750 312 832 341 nos
851 300 1061 341 testantia
1079 304 1239 353 gratos.

120 370 280 412 Annua
300 382 382 410 nos
402 368 495 408 illic
518 367 655 408 tenuit
674 379 820 408 mora:
853 367 1074 420 multaque
1094 380 1290 421 praesens

119 437 337 491 Tempore
357 440 446 476 tam
465 436 597 488 longo
617 434 725 484 vidi,
747 434 886 475 multa
907 435 1086 474 auribus
1104 435 1242 476 hausi.

121 504 225 546 Hoc
244 516 420 557 quoque
442 516 542 543 cum
557 501 720 550 multis,
743 501 860 555 quod
882 500 997 542 clam
1015 501 1119 542 mihi
1139 501 1290 542 retulit
1310 513 1400 542 una

119 569 324 621 Quatuor
339 583 363 610 e
384 570 578 619 famulis,
597 568 652 609 ad
673 569 780 610 talia
800 582 929 610 sacra
949 569 1135 622 paratis.

118 636 231 678 Cum
252 637 364 679 duce
384 651 573 691 namque
592 649 689 677 meo
710 635 837 678 Circe
859 636 961 678 dum
983 637 1078 678 sola
1098 641 1303 688 moratur,

119 704 204 746 Illa
221 705 330 745 mihi
350 705 478 745 niveo
499 704 667 745 sactum
688 703 742 744 de
763 717 978 745 marmore
1000 704 1175 757 signum

117 770 324 814 Ostendit
334 772 547 826 juvenile,
571 784 728 825 gerens
745 773 790 812 in
810 773 971 813 vertice
991 773 1155 825 picum,

117 837 231 880 AEde
254 852 383 880 sacra
401 839 613 892 positum,
637 839 872 893 multisque
889 840 1052 893 insigne
1072 839 1261 880 coronis.

117 904 232 956 Quis
250 906 377 956 foret,
399 910 444 947 et
464 919 598 960 quare
620 918 746 947 sacra
767 906 980 948 coleretur
1000 907 1045 947 in
1067 906 1179 956 aede,

117 972 205 1014 Cur
218 973 327 1014 hanc
351 973 483 1015 ferret
501 987 642 1024 avem,
664 974 892 1027 quaerenti,
914 978 956 1013 et
972 974 1088 1014 scire
1109 973 1285 1023 volenti,

118 1039 307 1093 Accipe,
330 1041 409 1089 ait,
433 1040 672 1081 Macareu:
705 1039 980 1093 dominaeque
999 1041 1199 1092 potentia
1221 1053 1321 1093 quae
1345 1041 1403 1082 sit

119 1107 237 1149 Hinc
260 1121 439 1161 quoque
460 1108 581 1148 disce
606 1120 716 1148 meoe
733 1120 742 1147 ε
773 1110 820 1146 tu
840 1106 970 1147 dictis
990 1105 1132 1160 adjice
1152 1110 1353 1148 mentem.

1496 501 1581 544 310

113 1228 193 1260 num
207 1237 292 1259 voces
307 1229 426 1268 priores
441 1238 531 1269 quom
545 1228 760 1270 significantes
776 1237 830 1259 nos
843 1226 917 1258 fore
933 1236 1091 1258 memores.
1139 1226 1189 1257 Ibi
1200 1226 1367 1257 mansimus
1379 1235 1438 1267 per
1449 1235 1562 1258 annum
1572 1237 1582 1257 .·

112 1274 144 1302 et
159 1280 228 1302 cum
251 1274 316 1302 tam
331 1272 386 1301 diu
400 1271 547 1312 affuerim
571 1272 636 1302 ridi
649 1270 799 1312 plurima,
821 1271 924 1311 accepi
936 1270 1073 1311 plurima
1089 1269 1225 1301 auribus.
1270 1269 1398 1300 Audivi
1411 1269 1466 1300 hoc
1481 1269 1579 1302 etiam

113 1323 184 1345 cum
196 1314 353 1354 plurimis,
368 1315 449 1354 quod
462 1324 522 1345 una
538 1324 578 1345 ex
593 1314 718 1345 ancillis
735 1314 892 1344 institutis
907 1314 947 1343 ad
962 1312 1112 1351 ejusmodi
1122 1322 1211 1343 sacra
1222 1312 1298 1343 milti
1314 1312 1456 1343 narravit
1466 1323 1476 1343 ,-
1499 1322 1587 1343 nam-

113 1365 181 1397 que,
195 1357 269 1387 dum
286 1357 376 1387 Circe
390 1357 454 1387 solo
467 1360 514 1387 est
529 1367 599 1388 cum
614 1366 680 1387 meo
696 1357 783 1395 duce,
800 1356 856 1387 illa
872 1356 949 1386 mihi
965 1358 1119 1387 monstrat
1133 1358 1271 1386 statuam
1288 1355 1415 1393 juvenis
1433 1355 1586 1395 sculptam

114 1409 154 1430 ex
166 1399 295 1430 condida
311 1409 475 1438 marmore,
492 1399 648 1437 serentem
664 1399 769 1439 picum
784 1399 817 1430 in
832 1399 958 1437 vertice,
972 1398 1152 1429 collocatam
1166 1399 1200 1428 in
1220 1399 1342 1438 sacello,
1361 1400 1451 1438 atque
1466 1397 1586 1438 conspi-

112 1450 201 1472 cuam
214 1441 321 1472 multis
334 1443 442 1473 sertis.
491 1443 570 1473 Cum
592 1443 797 1483 exquirerem,
821 1445 851 1473 et
863 1450 949 1472 nosse
974 1450 1115 1481 cuperem
1131 1441 1273 1481 quisnam
1289 1441 1317 1472 is
1332 1444 1421 1480 esset,
1435 1443 1466 1471 et
1481 1450 1587 1481 quom-

112 1483 214 1516 obrem
229 1485 380 1515 coleretur
393 1485 425 1514 in
442 1485 508 1516 aede
534 1495 635 1523 sucro,
650 1495 745 1526 quare
757 1487 882 1524 gereret
905 1483 983 1514 hunc
997 1484 1161 1524 volucrem,
1175 1483 1274 1522 Audi,
1289 1483 1402 1524 iuquit,
1417 1483 1588 1518 Macareo:

115 1529 208 1566 otque
222 1526 294 1557 hinc
307 1537 454 1567 cognosce
469 1527 566 1559 etiam
581 1537 648 1568 quoe
672 1528 713 1558 sit
727 1531 867 1569 poteslas
887 1536 962 1558 meae
978 1527 1121 1558 dominae.
1171 1527 1219 1558 Τιι
1234 1529 1388 1558 attentum
1400 1525 1504 1566 praebe
1519 1526 1587 1555 ani-

115 1578 198 1599 mum
213 1569 298 1600 meis
314 1569 514 1600 sermonibus.

734 1645 749 1655 φ
754 1643 967 1655 mmm

117 1713 208 1755 quod
224 1713 469 1753 lepidissimum
487 1714 624 1745 videtur
641 1714 889 1745 Bonna—310
902 1713 1001 1745 Cant.
1018 1716 1054 1744 et
1071 1716 1140 1743 tres
1157 1711 1214 1743 alii
1230 1712 1317 1743 mult.
1332 1712 1482 1753 quondam
1497 1712 1588 1742 mihi.

116 1758 221 1787 —811
246 1756 304 1787 Pr.
320 1756 364 1787 V.
379 1757 436 1787 tol.
455 1756 548 1795 sacta
570 1759 748 1797 pari—314
774 1756 894 1788 Heius.
923 1761 1024 1796 putat
1039 1755 1118 1786 huic
1134 1754 1248 1786 versui
1265 1755 1531 1796 praeponendum
1547 1755 1587 1786 ἰΙ-

116 1799 201 1838 lum,
215 1799 272 1840 qui
288 1799 451 1848 sequitur,
466 1800 476 1815 ‘
493 1799 578 1829 AEde
595 1798 716 1833 sacra.’
733 1800 795 1828 διο.
828 1798 972 1828 Plurimi
991 1802 1076 1829 vett.
1096 1797 1345 1835 Ostendmjuc.
1392 1797 1433 1828 In
1448 1796 1587 1838 quibus·

117 1841 194 1872 dam
211 1841 478 1879 etiamJuvenate.
507 1841 591 1871 Tum
609 1839 806 1878 duoserens.
838 1839 974 1870 Deinde
992 1838 1101 1870 Gron.
1119 1849 1169 1879 pr.
1193 1845 1227 1870 et
1251 1840 1319 1870 dno
1344 1839 1401 1870 atii
1421 1843 1501 1871 cert.
1514 1849 1587 1869 sox-

116 1893 192 1920 nu:
212 1882 297 1915 Sixii
317 1883 461 1923 pictum
483 1891 569 1914 unus
588 1882 707 1914 Heius.
732 1881 935 1924 pisci.—3l5
960 1881 1002 1912 ln
1020 1880 1181 1912 Heidelb.
1197 1891 1254 1921 que
1270 1882 1493 1913 omiss.—316
1508 1882 1587 1913 Duo

783 1978 924 2012 NOTAE

157 2062 219 2092 307
246 2060 379 2102 Gratas]
412 2061 642 2094 paucissimos
669 2062 821 2103 reperire

113 2112 206 2153 licet,
220 2111 278 2154 qui
306 2121 389 2153 erga
415 2112 490 2144 illos
514 2118 650 2153 gratnm
673 2113 821 2144 animum

880 2062 979 2094 Illam
1003 2069 1148 2102 namque
1164 2060 1284 2092 volunt
1310 2070 1387 2092 eum
1411 2064 1546 2100 petere,
1563 2061 1589 2090 si

880 2112 985 2144 clavis
1000 2117 1059 2144 aut
1074 2111 1346 2153 quibuscumque
1362 2110 1589 2150 ferramentis,

115 2167 297 2201 tententur,
313 2173 332 2194 a
348 2163 470 2204 quibus
485 2163 604 2194 asserti
621 2167 711 2194 sunt.
756 2163 821 2193 Vo-

114 2213 228 2254 lupus
245 2213 323 2254 quia
349 2218 450 2252 grata
474 2217 539 2252 est,
565 2213 703 2254 placent
718 2212 821 2243 etiam

114 2273 337 2306 quaeeumque
368 2265 492 2305 probra
517 2263 560 2294 ad
592 2274 666 2295 eam
698 2263 820 2304 perdu-

114 2319 216 2346 cunt:
243 2314 320 2346 odio
337 2315 519 2354 habentur,
535 2315 592 2355 qui
619 2315 676 2345 illa
697 2314 820 2354 impro-

114 2364 240 2405 bmdo,
265 2366 478 2406 voluptatem
495 2365 598 2396 etiam
628 2365 751 2396 toliere
776 2364 822 2395 vi-

118 2414 257 2447 dentur.

157 2468 218 2497 ³15
245 2465 376 2506 Multis]
401 2467 446 2497 Ni
465 2465 576 2505 fallor,
591 2465 718 2508 aliquid
734 2475 824 2506 mag·

114 2525 194 2548 num
209 2516 296 2548 latet
317 2516 378 2548 sub
403 2517 464 2548 hac
480 2516 612 2548 fabula:
637 2527 714 2548 cum
738 2526 824 2558 prae-

115 2566 229 2598 sertim
243 2566 347 2598 Marti
361 2568 456 2608 picus
471 2578 568 2599 sacer
582 2578 656 2599 esse
670 2567 824 2606 dicatum

116 2615 174 2658 qni
188 2616 377 2648 hominibus
404 2617 541 2649 herbam
565 2627 638 2649 eam
657 2618 824 2649 indicasse

117 2664 257 2707 dieitur,
271 2668 368 2708 cnjus
386 2672 481 2702 tactu
497 2677 582 2701 εει-ω
598 2668 826 2700 resolvuntur.

881 2163 949 2194 nidi
962 2163 1037 2204 ejus
1046 2171 1146 2204 quem
1159 2162 1192 2192 in
1200 2162 1294 2192 cavis
1307 2161 1465 2192 arborum
1476 2162 1590 2199 struit,

879 2213 993 2245 aditus
1019 2212 1264 2254 praecludatur.
1311 2212 1391 2252 lpse
1420 2212 1588 2243 Horatius

876 2265 918 2297 de
933 2266 1034 2297 Circe
1059 2266 1147 2296 Solis
1164 2264 1233 2295 filia
1258 2265 1345 2295 male
1363 2264 1479 2296 sensit.
1525 2265 1589 2296 Ce-

878 2321 1001 2355 terum,
1028 2315 1108 2356 qnid
1137 2319 1214 2355 agat
1240 2325 1314 2346 cum
1344 2315 1587 2346 illahominum

877 2366 1128 2397 versutissimus
1160 2375 1221 2406 per
1251 2376 1374 2396 annum
1404 2366 1589 2406 integrum,

880 2426 947 2448 non
966 2415 1067 2447 facite
1092 2425 1264 2457 assequor,
1287 2416 1314 2445 si
1333 2416 1495 2447 meretrix
1513 2414 1590 2455 fuit,

880 2471 984 2508 atque
1002 2466 1035 2496 id
1054 2470 1197 2497 tantuin.
1243 2465 1334 2499 Quid
1354 2467 1379 2496 si
1404 2475 1445 2496 eo
1462 2466 1495 2497 iu
1513 2474 1589 2496 sues

880 2522 916 2549 et
930 2526 1031 2549 canes
1047 2517 1172 2548 dicitnr
1199 2517 1332 2556 Utyssis
1357 2518 1468 2548 socios
1483 2522 1588 2547 trans-

880 2567 1056 2606 formasse,
1072 2566 1161 2608 qnod
1177 2567 1346 2608 sapientia
1369 2577 1427 2598 sna
1440 2576 1497 2597 eos
1514 2574 1586 2595 esse

882 2618 1096 2656 ostenderet,
1112 2627 1196 2659 qnos
1213 2617 1337 2649 deinde
1355 2617 1395 2648 ad
1414 2616 1587 2648 meliorem

883 2667 1014 2710 frugem
1035 2668 1232 2700 reduxerit?
