1773 3121
175 195 290 239 2140
667 208 710 241 P.
741 207 900 237 ovmn
934 206 1149 239 NASONIS

175 299 313 343 Venit
332 301 567 356 Apollinea
585 302 739 356 longas
759 301 1006 345 Concordia
1024 304 1148 345 lauro

233 367 366 410 Nexa
384 383 551 420 comas,
572 370 738 423 placidi
758 383 918 411 numen
938 384 1137 425 opusque
1159 370 1318 412 Ducis.

177 434 296 477 Haec
318 438 391 477 ubi
410 438 603 478 narravit
623 427 815 487 Tatium,
838 436 1081 491 fortemque
1103 437 1352 488 Quirinum,

234 504 435 558 Binaque
451 514 555 546 *cum
576 506 752 560 populis
772 518 906 558 regna
924 506 1070 546 coisse
1093 507 1185 547 suis
1203 519 1214 557 3

176 569 234 613 Et
253 571 366 613 Lare
386 574 608 614 communi
629 587 808 615 soceros
830 586 1096 628 generosque
1118 577 1317 629 receptos
1336 587 1347 626 ;
1580 573 1636 614 95

235 639 324 681 His
343 654 498 682 nomen
511 642 679 696 junctis
700 642 729 683 J
734 643 875 692 unius,
892 641 1052 695 inquit,
1075 642 1223 684 habet.

177 705 312 748 Dicta
332 709 492 761 triplex
512 722 645 750 causa
665 714 745 750 est.
806 709 868 751 At
888 723 970 750 vos
988 710 1219 762 ignoscite,
1242 708 1374 750 Divae
1395 721 1403 748 :

233 774 328 815 Res
349 779 415 815 est
435 776 617 826 arbitrio
638 789 725 816 non
747 776 990 816 dirimenda
1008 790 1124 818 meo.

177 840 246 882 Ite
266 855 397 895 pares
420 856 446 882 a
462 855 548 901 me.¹
562 877 571 887 s
603 842 829 883 Perierunt
842 842 994 895 judice
1016 842 1169 884 sormae

233 908 473 961 Pergama:
511 910 613 963 plus
633 910 814 960 laedunt,
835 923 967 963 quam
981 910 1113 964 juvet
1132 923 1236 960 una,
1259 909 1377 951 duae.
1554 909 1639 949 100

176 975 349 1016 ΡΒιΜΑ
373 976 469 1017 dies
491 978 586 1027 tibi,
613 977 770 1028 Cama,
790 978 936 1020 datur.
987 979 1086 1020 Dea
1106 978 1303 1020 cardinis
1322 978 1419 1020 haec
1442 981 1523 1019 est.

234 1042 429 1084 Numine
450 1045 606 1086 clausa
624 1046 780 1099 aperit,
804 1046 974 1088 claudit
994 1050 1146 1100 aperta
1166 1059 1262 1088 suo.

177 1109 304 1150 Unde
323 1110 448 1152 datas
466 1112 629 1154 habeat
649 1114 777 1164 vires,
801 1114 1031 1155 obscurior
1053 1127 1150 1156 aevo

234 1177 374 1218 Fama
393 1191 404 1229 ;
431 1170 514 1218 ¹sed
536 1192 559 1219 e
577 1184 729 1220 nostro
748 1182 940 1221 carmine
962 1185 1107 1222 certus
1127 1181 1230 1222 eris.

176 1242 368 1298 Adjacet
390 1246 556 1299 antiqui
578 1246 787 1287 Tiberino
803 1247 931 1288 lucus
953 1247 1165 1289 Helerni:
1556 1247 1640 1288 105

234 1311 477 1352 Pontifices
498 1313 604 1352 illuc
624 1326 737 1353 nune
760 1327 934 1366 quoque
956 1326 1082 1354 sacra
1101 1314 1256 1354 ferunt.

167 1431 283 1470 suisset
296 1430 466 1471 profligata
479 1440 535 1471 per
549 1431 640 1462 iram.
688 1431 861 1462 Concordia
883 1431 997 1462 habens
1017 1431 1156 1472 prolixos
1171 1431 1297 1472 capillos
1311 1431 1431 1462 vinctos
1445 1431 1532 1462 lauro
1546 1431 1642 1471 Apol-

175 1474 266 1513 linea,
290 1483 401 1504 numen
417 1477 445 1504 et
463 1483 537 1514 opus
559 1473 762 1514 Imperatoris
776 1475 915 1505 accessit.
963 1474 1135 1515 Postquam
1149 1475 1211 1505 ista
1226 1474 1347 1513 retulit,
1375 1473 1499 1505 Tatium
1519 1477 1549 1505 et
1563 1477 1644 1505 stre-

174 1526 270 1548 nuum
288 1517 468 1554 Quirinum,
491 1520 582 1556 atque
605 1517 675 1547 bina
691 1526 789 1556 regna
804 1527 871 1548 cum
885 1517 1007 1558 populis
1021 1517 1085 1548 suis
1100 1518 1133 1548 in
1148 1527 1245 1548 unum
1259 1518 1398 1553 venisse5
1418 1520 1510 1557 atque
1523 1526 1642 1548 soceros

174 1563 207 1590 et
220 1569 350 1598 generos
364 1564 501 1599 receptos
515 1561 602 1590 domo
618 1560 769 1590 communi
780 1570 792 1597 ;
814 1560 929 1591 Junius
947 1560 1037 1591 habet
1050 1570 1170 1600 nomen,
1184 1561 1241 1601 ait,
1258 1559 1295 1591 ab
1312 1560 1360 1591 his
1367 1560 1499 1599 junctis.
1544 1559 1642 1591 Ratio

175 1602 292 1642 triplex
307 1605 352 1633 est
367 1603 483 1633 allata:
505 1606 551 1641 at,
567 1612 630 1640 vos,
646 1602 736 1641 Deoe,
749 1603 869 1643 parcite
880 1614 890 1633 :
910 1613 960 1634 res
973 1613 1033 1634 non
1046 1607 1091 1634 est
1105 1605 1237 1635 secanda
1251 1613 1315 1634 meo
1322 1603 1454 1641 judicio.
1483 1601 1646 1634 Discedite

175 1655 252 1675 wme
266 1646 399 1685 aequales
411 1656 420 1675 .·
437 1646 531 1676 Ilium
544 1655 681 1676 eversum
697 1650 741 1677 est
758 1657 776 1676 a
784 1646 890 1684 judice
903 1646 1142 1687 pulchritudinis
1152 1657 1162 1677 .-
1181 1648 1249 1677 duae
1261 1647 1331 1687 plus
1342 1649 1462 1684 nocent,
1476 1653 1567 1685 quam
1581 1654 1644 1675 una

168 1687 273 1726 juvat.
362 1688 475 1719 Prima
490 1690 555 1719 dies
570 1688 628 1718 tibi
640 1689 831 1729 assignatur,
856 1689 971 1720 Carna.
1022 1690 1098 1720 Hoec
1118 1692 1163 1720 est
1179 1689 1249 1720 Dea
1263 1689 1410 1720 cardinis.
1455 1687 1577 1719 Pandit
1591 1687 1643 1718 ob-

174 1733 290 1769 serata,
307 1731 425 1761 obsim
436 1731 574 1771 patentia
588 1741 642 1762 suo
654 1733 787 1763 numine.
835 1732 934 1764 Fama
951 1735 996 1763 est
1023 1731 1173 1763 incertior
1192 1735 1321 1772 propter
1343 1733 1540 1769 vetustatem,
1561 1730 1642 1761 unde

174 1772 312 1804 obtineat
323 1778 510 1813 potestatem
525 1775 717 1813 assignatam
731 1786 742 1812 ,·
765 1785 869 1806 verum
884 1776 946 1806 eris
961 1778 1064 1806 certus
1078 1785 1118 1806 ex
1131 1778 1236 1806 nostro
1251 1774 1399 1806 carmine.
1441 1774 1545 1804 Lucus
1560 1773 1643 1804 anti-

175 1816 228 1856 qui
244 1816 376 1847 Helerni
391 1817 509 1855 adjacet
531 1818 674 1848 Tiberino
686 1828 696 1848 .·
717 1817 898 1849 Sacerdotes
911 1828 992 1849 nunc
1002 1819 1097 1849 etiam
1112 1817 1184 1848 illuc
1198 1821 1326 1858 portant
1338 1826 1436 1848 sacra.
1480 1816 1558 1847 Inde
1573 1819 1642 1846 orta

788 1901 1024 1913 eeeeeeeeeeee

178 1957 263 1986 -89
288 1955 401 1988 Helm.
418 1957 450 1987 in
462 1961 586 1997 partem
601 1958 769 1989 stud—92
793 1958 984 1998 Hamburg.
999 1958 1079 1991 Jun.
1097 1961 1132 1988 et
1149 1958 1236 1989 alter
1253 1956 1333 1987 Pet.
1356 1957 1436 1997 plac.
1457 1964 1567 1986 munus
1592 1963 1641 1994 op.

176 1998 322 2028 Strozzae
339 1999 425 2029 liber
440 2010 545 2040 opusq.
561 2000 725 2031 Dei.-94
750 2001 830 2032 Duo
847 2001 966 2041 scripti
988 2011 1061 2041 pop.
1077 2001 1168 2040 signa
1192 2000 1367 2031 coiss.—97
1391 1999 1454 2030 Pr.
1469 1998 1510 2029 A.
1525 1997 1642 2036 ignosc-

178 2039 383 2080 Nymphae.—
392 2045 433 2072 98
457 2042 517 2072 Ρι·.
539 2042 581 2072 A.
599 2048 634 2073 et
652 2043 739 2073 Laeti
761 2044 819 2074 lib.
841 2047 885 2074 est
900 2043 1023 2081 judicio
1038 2046 1195 2074 nom—99
1219 2042 1310 2073 Olim
1328 2041 1417 2081 conj.
1434 2040 1557 2071 Heius.
1572 2048 1642 2078 par.

175 2081 298 2112 ambae:
319 2086 497 2122 penu—100
520 2085 614 2114 Juvet
633 2085 752 2115 Heins.
771 2086 904 2125 recepit
926 2096 969 2116 ex
986 2085 1116 2116 Arund.
1134 2094 1183 2124 pr.
1208 2085 1245 2115 F.
1274 2083 1457 2123 Gottorph.
1474 2086 1510 2113 et
1535 2081 1639 2114 unde-

177 2124 243 2155 cim
261 2124 335 2155 aliis
353 2135 414 2164 pro
432 2126 741 2166 vulg.juz·at.—103
766 2128 835 2157 Pro
851 2129 942 2158 datas
966 2132 1048 2168 puto
1070 2130 1168 2166 ratas,
1183 2126 1241 2158 sed
1259 2135 1320 2166 pro
1339 2125 1475 2166 vulgata
1491 2123 1640 2156 lectione

175 2170 269 2198 stant
287 2167 363 2197 libri
390 2175 536 2199 veteres.
561 2169 783 2200 Heium—104
807 2170 870 2201 Ed.
896 2169 1027 2210 Gryph.
1054 2169 1142 2200 Fam.
1159 2172 1217 2208 est,
1233 2169 1286 2199 sed
1301 2171 1400 2199 nostr.
1424 2171 1461 2198 et
1483 2167 1517 2197 in
1533 2176 1640 2205 marg.

175 2211 221 2240 est
237 2219 253 2240 e
268 2212 367 2241 nostr.
391 2211 475 2241 Mox
491 2212 573 2244 Jun.
590 2216 625 2242 et
650 2212 797 2253 quinque
814 2212 870 2243 alii
896 2212 1024 2243 habent
1047 2212 1155 2243 doctus
1171 2221 1233 2253 pro
1258 2213 1480 2242 certus—105
1505 2209 1641 2250 Antiqui

829 2301 974 2332 NOTAE

218 2365 260 2393 92
273 2363 388 2403 Ducis]
413 2364 879 2407 Tiberiicrediderim,quem
977 2368 1019 2397 99
1042 2365 1170 2406 Judice]
1198 2365 1339 2404 Paride,
1357 2363 1504 2396 scilicet.

178 2411 379 2443 Concordiae
411 2416 574 2455 templum
604 2417 755 2456 posuisse
786 2417 880 2449 Naso
977 2419 1040 2448 100
1063 2417 1144 2447 Plus
1159 2416 1290 2456 lcedunt]
1314 2415 1443 2446 Cautus
1459 2413 1572 2446 factus
1586 2418 1639 2446 est

176 2471 279 2502 supra
293 2466 436 2494 testatus
452 2470 516 2496 est.
933 2467 1026 2498 Naso
1043 2471 1120 2506 post
1138 2466 1303 2506 pericula.

218 2515 260 2543 94
283 2513 384 2553 Bina]
411 2514 503 2545 Tatii
520 2519 623 2556 atque
639 2517 784 2557 Romuli,
799 2527 879 2559 quo-
977 2519 1036 2547 101
1064 2515 1184 2555 Carna]
1206 2516 1306 2546 Hanc
1324 2514 1484 2556 strigibus
1499 2519 1638 2547 noctur-

174 2572 249 2595 rum
273 2564 384 2594 nullus
401 2564 535 2603 ignorat
552 2565 742 2606 historiam,
762 2567 819 2609 qui
835 2567 878 2599 de
933 2567 984 2597 nis
1015 2565 1189 2605 abigendis
1217 2566 1274 2606 qui
1316 2564 1548 2605 praefecerunt
1583 2575 1640 2598 me

175 2614 336 2646 Romanis
354 2614 479 2655 aliquid
496 2615 653 2647 audierit.
933 2615 1068 2657 quidem
1093 2620 1186 2646 certe
1205 2615 1437 2646 lubentissime
1456 2614 1640 2657 suffragan-

218 2668 261 2696 96
285 2665 491 2705 His-junctis]
525 2669 636 2708 Atque
658 2667 742 2698 adeo
757 2668 878 2700 Junius
931 2671 999 2698 tem
1016 2666 1228 2697 habuissent:
1243 2675 1388 2706 namque
1401 2666 1544 2697 multum
1557 2665 1636 2698 ridi·

174 2716 271 2756 quasi
292 2716 391 2746 Unius
412 2723 470 2747 aut
483 2717 622 2756 dungius
638 2718 750 2757 potius
766 2717 879 2751 dictus
932 2717 1008 2749 cula
1032 2717 1177 2748 videtur.
1235 2716 1366 2748 Verum
1396 2716 1490 2749 Naso
1519 2720 1637 2750 noster

172 2763 295 2807 fuerit,
307 2766 532 2799 Concordiam
544 2766 573 2799 si
587 2766 692 2800 audi&
932 2767 1056 2802 bellam
1070 2766 1217 2801 fecerit:
1241 2767 1317 2809 lege
1331 2766 1443 2800 modo.
