1773 3121
1457 183 1571 224 1805

1513 287 1569 325 45

605 190 873 221 PASTORUM
908 191 1005 220 Lm.
1039 191 1071 220 1.

110 283 189 326 NE
211 288 355 327 tamen
377 286 546 339 ignores
567 283 788 323 variorum
803 282 905 337 jura
923 282 1115 325 dierum:

168 352 270 394 Non
292 353 419 394 habet
437 349 572 392 officii
595 348 772 391 Lucifer
794 350 935 391 omnis
956 349 1087 392 idem.

111 419 192 461 Ille
214 419 426 461 Nesastus
448 417 547 467 erit,
568 429 647 470 per
668 430 800 471 quem
819 417 904 458 tria
923 417 1059 458 verba
1079 417 1282 459 silentur:

169 487 328 528 Fastus
349 486 443 534 erit,
462 496 540 538 per
560 497 690 538 quem
709 484 805 538 lege
830 485 984 527 licebit
1004 485 1092 538 agi.

109 552 212 594 Neu
232 557 324 594 toto
345 554 547 606 perstare
562 550 633 593 die
655 564 740 592 sua
756 551 859 606 jura
875 553 1071 606 putaris;

164 618 254 670 Qui
265 621 360 674 jam
383 619 544 660 Fastus
564 619 658 669 erit,
682 632 812 660 mane
834 619 1048 661 Nefastus
1069 620 1176 660 erat.
1512 621 1568 660 ‚30

107 685 224 728 Nam
245 687 376 728 simul
398 691 502 728 exta
523 687 625 729 Deo
643 687 751 728 data
771 691 887 737 sunt,
909 687 1014 728 licet
1034 687 1182 728 omnia
1200 684 1308 738 fari3

161 751 398 807 Verbaque
415 753 654 796 honoratus
675 755 815 795 libera
836 753 1007 796 Praetor
1025 755 1170 796 habet.

103 818 187 861 Est
214 833 399 875 quoque,
421 835 508 876 quo
530 822 744 876 populum
767 822 842 877 jus
862 827 931 863 est
951 822 1174 879 includere
1196 821 1360 876 septis:

162 886 243 930 Est
260 901 449 942 quoque,
478 889 553 942 qui
575 902 690 930 nono
710 901 884 943 semper
906 889 962 929 ab
985 889 1089 930 orbe
1110 887 1238 930 redit.

102 1028 259 1060 ”orimum
280 1030 399 1061 dierum
412 1041 422 1061 .-
445 1031 544 1061 omnis
559 1032 624 1062 dies
638 1042 697 1062 non
721 1031 810 1062 habet
826 1032 906 1063 idem
928 1041 1022 1063 curoe.
1070 1031 1128 1062 lue
1150 1031 1217 1062 dies
1239 1032 1300 1062 erit
1325 1030 1489 1071 Nesastus,
1508 1040 1566 1071 per

101 1080 190 1110 quem
202 1074 267 1103 tres
282 1082 366 1104 voces
380 1074 633 1114 supprimuntur.-
659 1074 774 1105 Fusius
788 1074 850 1105 erit
870 1083 928 1114 per
942 1083 1031 1114 quem
1050 1073 1153 1104 licebit
1168 1074 1223 1112 agi
1239 1075 1317 1112 lege.
1364 1074 1450 1105 Nete
1465 1074 1565 1104 credi-

101 1113 186 1144 deris
198 1123 254 1146 aia
262 1115 337 1153 jura
350 1125 530 1155 permanere
546 1120 608 1146 toto
629 1117 693 1153 die,
717 1117 843 1155 quijam
866 1117 926 1146 erit
945 1116 1071 1155 Festus,
1087 1118 1155 1146 emt
1172 1115 1324 1152 Nefastus
1334 1125 1434 1147 mane.
1480 1117 1565 1147 Nam

100 1156 208 1187 statim
223 1160 315 1197 aeque
330 1158 447 1188 tiscera
461 1157 563 1189 oblata
587 1161 659 1188 sunt
683 1158 761 1193 Deo,
781 1157 836 1196 fas
861 1161 906 1188 est
933 1158 1035 1188 omniu
1059 1158 1173 1197 dicere,
1200 1162 1231 1188 et
1257 1158 1383 1188 Proetor·
1398 1158 1566 1188 honoratus

101 1196 190 1230 habet
206 1208 291 1230 voces
305 1199 428 1231 liberas.
474 1200 535 1231 Est
551 1201 657 1240 etiam,
679 1210 737 1240 quo
755 1199 812 1238 jus
826 1203 871 1231 est
888 1201 1022 1231 retinere
1040 1201 1187 1241 populum
1202 1199 1320 1240 septim
1341 1203 1387 1230 est
1402 1201 1496 1231 etiam
1512 1201 1564 1240 qui

714 1294 949 1305 mem

100 1366 185 1388 unus
200 1358 291 1390 Mor.
305 1359 599 1400 postposuitq.-46
625 1360 732 1402 Officii
749 1370 790 1392 ex
807 1362 991 1393 veterrimo
1014 1362 1092 1394 Pat.
1111 1371 1163 1402 pr.
1181 1361 1276 1393 Med.
1291 1366 1326 1393 et
1341 1361 1415 1393 aliis
1428 1361 1564 1402 quibus-

100 1400 201 1432 dam:
226 1401 316 1441 vulg.
335 1402 563 1444 ‹fficium—49
587 1403 659 1434 Neu
690 1404 803 1435 Burm.
821 1403 919 1435 dedit
944 1414 986 1435 ex
1009 1405 1048 1436 F.
1073 1409 1108 1435 et
1125 1404 1278 1445 pluribus
1296 1404 1370 1436 aliis
1391 1414 1453 1445 pro
1471 1405 1561 1444 vulg.

104 1442 178 1474 Nec.
195 1443 329 1476 Deinde
352 1444 430 1476 Jun.
456 1450 492 1476 et
516 1445 612 1476 multi
635 1445 691 1476 alii
706 1450 869 1486 praestare.
892 1447 992 1479 Voss.
1008 1452 1044 1478 et
1073 1447 1150 1478 Pet.
1172 1447 1242 1486 ἄιεν.
1257 1451 1404 1488 putares;
1427 1446 1493 1477 duo
1504 1446 1563 1477 alii

97 1485 308 1525 putem-51
335 1487 430 1518 Med.
457 1497 540 1519 unus
566 1489 653 1519 domo
670 1498 731 1530 pro
748 1489 835 1520 Deo:
869 1489 986 1522 Burm.
1004 1490 1091 1531 conj.
1109 1489 1279 1528 soem—54
1304 1490 1346 1521 P.
1368 1495 1403 1521 et
1420 1495 1488 1520 tres
1507 1489 1563 1520 alii

759 1605 902 1637 NOTAE

99 1687 213 1719 Numa
228 1688 426 1721 Januarium
443 1689 583 1727 dicavit,
596 1698 702 1730 neque
717 1699 803 1730 prm-

97 1740 265 1771 terminet
283 1741 397 1772 Naso:
423 1740 577 1782 adeoque
595 1741 636 1772 de
652 1751 692 1771 eo
706 1741 803 1781 plura

91 1790 163 1830 jam
182 1789 336 1830 proferre
355 1791 434 1821 nihil
453 1796 503 1821 est
519 1800 615 1831 opus.

141 1840 270 1880 Avitus]
297 1840 446 1871 Avorum
461 1840 601 1879 animas,
616 1839 735 1881 quibus
752 1850 801 1871 sa-

98 1888 226 1921 crificia
248 1888 321 1920 fieri
339 1890 525 1921 Februario
551 1900 665 1921 mense
689 1890 801 1921 Numa

96 1939 255 1972 instituit.
301 1939 356 1972 De
374 1941 494 1982 quibus
512 1941 662 1972 secundo
681 1941 798 1974 horum

97 1989 289 2023 Fastorum.

139 2043 183 2072 46
215 2040 357 2082 Lum‘ser]
387 2042 493 2073 Stena
524 2047 588 2081 est,
616 2052 690 2083 quoe
722 2052 798 2074 cum

93 2090 207 2123 solem
218 2092 391 2124 antecedit
403 2091 553 2131 Lucifer,
563 2102 638 2124 cum
647 2094 800 2136 sequitur

95 2140 238 2183 Vesper,
248 2143 463 2184 appellatur:
488 2148 591 2185 atquc
603 2144 657 2176 hic
670 2155 732 2186 pro
745 2145 799 2177 die

96 2190 172 2233 ipso
187 2193 337 2234 ponitur.

138 2245 180 2274 47
196 2243 289 2285 Tria]
308 2244 376 2284 Do,
389 2243 493 2281 Dico,
508 2244 664 2284 Addie03
688 2244 721 2275 id
735 2250 799 2285 est,

97 2291 151 2326 Do
166 2293 272 2336 ieges,
288 2295 377 2326 Dico
393 2294 462 2334 jus,
479 2294 635 2325 Damno:
663 2295 728 2334 vel,
743 2296 799 2326 Do

97 2341 259 2376 bonorum
275 2345 532 2386 possessionem,
544 2344 633 2376 Dico
644 2345 715 2386 jus,
730 2344 798 2375 Ad-

95 2391 173 2426 dieo
185 2393 218 2426 id
229 2394 272 2426 de
284 2405 350 2436 quo
363 2395 545 2436 quaeritur:
573 2405 648 2436 quae
661 2395 798 2436 quidem

96 2444 200 2477 verba
220 2455 240 2477 a
256 2445 410 2478 Pretore
421 2446 479 2486 jun
495 2446 632 2478 dicturo
647 2446 798 2488 profere-

96 2493 231 2527 buntur.

139 2547 182 2578 48
197 2545 280 2586 Lege
291 2546 362 2587 agi]
376 2546 514 2578 Poterit
530 2546 665 2578 Pru-tor
677 2557 797 2579 secun-

99 2592 178 2627 dnm
193 2595 287 2637 iege·
299 2601 335 2628 et
351 2596 505 2628 instituta
516 2597 575 2638 jus
591 2597 718 2629 dicere.

142 2646 185 2675 ⁴⁹
213 2645 288 2677 roco
312 2646 467 2687 perstare]
512 2648 670 2679 intercisi
699 2659 795 2680 voca-

100 2694 223 2726 buntur
245 2695 291 2727 nu
314 2695 387 2728 dies
411 2698 544 2739 quibus,
566 2708 677 2739 niune,
699 2699 794 2732 verbi

98 2744 221 2786 gratia,
236 2753 378 2788 cumque
399 2746 499 2780 fieret
518 2748 732 2790 sacrificium,
741 2749 797 2790 jn·

859 1689 922 1720 fari
951 1689 1064 1729 nesas;
1093 1687 1259 1730 ‘perfecto
1286 1692 1399 1720 autem
1429 1689 1485 1721 ino
1510 1689 1561 1722 fas

857 1744 942 1770 crat.

900 1793 937 1820 51
968 1789 1070 1829 Exta]
1121 1789 1264 1820 Viscera
1301 1798 1361 1819 seu
1398 1789 1561 1821 interiora

857 1839 973 1870 vitalia
985 1839 1084 1878 dicit,
1101 1849 1175 1880 quae
1200 1839 1345 1870 maxime
1372 1844 1505 1880 extant,
1526 1845 1560 1872 et

858 1889 931 1920 Diis
947 1888 1190 1920 offerebantur.

896 1944 938 1973 52
962 1941 1074 1972 Libera
1091 1940 1196 1981 habet]
1221 1940 1414 1981 Potestjus
1430 1940 1558 1973 dicere.

896 1996 936 2024 53
963 1993 1032 2028 Quo
1047 1992 1209 2034 populum]
1236 1993 1291 2023 Dc
1315 1992 1436 2023 diebus
1457 1993 1560 2024 comi-

853 2043 992 2074 tialibus
1019 2044 1102 2083 agit,
1133 2043 1255 2084 quibus
1290 2043 1428 2073 comitia
1458 2043 1559 2075 habe-

853 2093 988 2133 bantur,
1003 2099 1106 2136 atque
1131 2093 1353 2125 creandorum
1379 2093 1561 2133 Magistra-

855 2149 962 2184 tuum,
996 2150 1032 2176 et
1068 2144 1286 2176 ferendorum
1319 2142 1558 2185 suffragiorum

854 2205 956 2227 causa
974 2196 1121 2237 populus
1137 2195 1376 2226 conveniebat.

896 2247 1015 2288 Septis]
1045 2248 1152 2288 Septa
1166 2246 1370 2278 dicebantur
1383 2246 1416 2277 in
1430 2247 1559 2288 Campo

854 2298 983 2329 Martio
1001 2298 1095 2329 locus
1120 2297 1178 2329 ubi
1196 2297 1340 2338 popuius
1363 2297 1560 2328 includeba-

855 2353 922 2387 tur,
938 2347 1172 2390 suffragiorum
1197 2349 1306 2390 gratia
1322 2347 1456 2390 quando
1479 2358 1560 2380 con·

854 2399 1049 2430 vocabatur.

896 2452 935 2480 54
962 2449 1010 2480 Ab
1025 2448 1096 2480 orbe
1113 2448 1206 2489 nono]
1240 2448 1269 2479 A
1286 2458 1374 2480 nono
1390 2449 1476 2480 Solia
1493 2449 1557 2480 cir-

852 2500 956 2531 cuitu.
990 2499 1202 2530 Nundinales
1216 2505 1329 2530 autem
1346 2499 1418 2531 dies
1430 2499 1555 2538 tangit,

852 2549 970 2581 adhoc
986 2549 1174 2587 institutos,
1191 2555 1228 2581 ut
1243 2555 1421 2591 postquam
1436 2548 1554 2578 diebus

851 2605 932 2632 octo
956 2599 989 2630 in
1014 2599 1104 2640 agria
1131 2600 1247 2630 rustici
1274 2610 1358 2640 opus
1380 2598 1554 2635 fecissent,

852 2660 940 2682 nono
956 2650 1026 2689 die,
1043 2649 1085 2681 ad
1109 2655 1309 2686 mercatum,
1327 2649 1485 2687 legesque
1500 2655 1554 2677 ac-

850 2700 1040 2741 cipiendas,
1057 2700 1195 2730 Romam
1214 2698 1381 2736 venirent,
1406 2695 1551 2727 urbiiuu

852 2751 1063 2791 rusticasque
1080 2759 1134 2781 res
1146 2746 1343 2779 ordinaturi.
