1773 3121
576 239 838 273 FASTORUM
872 239 969 269 ΜΒ.
1002 239 1056 270 ιι.
1431 229 1547 271 1867

95 333 199 390 Ipse
219 349 302 389 ego
323 333 608 377 Flaminicam
628 337 886 386 poscentem
906 333 1061 374 februa
1079 332 1169 374 vidi
1187 346 1196 374 ε

153 402 325 444 Februa
343 400 538 456 poscenti
559 401 687 453 pinea
703 401 831 453 virga
850 400 958 442 data
978 405 1062 442 est.

96 469 295 524 Denique
316 468 622 522 quodcumque
644 472 729 517 est,
750 480 839 521 qno
861 472 1039 522 pectora
1058 471 1210 509 nostra
1227 467 1411 522 piamur,

153 537 258 578 Hoc
279 534 396 590 apud
416 535 619 576 intonsos
639 547 798 575 nomen
817 535 1014 576 habebat
1033 548 1158 576 avos.

96 603 264 646 Mensis
286 603 342 644 ab
362 603 429 644 h1's
449 602 620 644 dictus:
656 605 776 644 secta
796 603 900 657 quia
920 603 1034 658 pelle
1052 603 1243 657 Luperci

151 669 288 711 Omne
309 669 453 711 solum
472 670 673 720 lustrant,
695 669 825 724 idque
846 670 1025 724 piamen
1045 670 1218 712 habent.

1492 534 1549 576 30

91 799 161 840 Ipse
175 809 230 840 ego
246 801 312 832 vidi
340 801 546 834 Flaminicam
565 805 719 843 petentem
741 802 860 841 februa
871 814 884 840 ;
913 802 1004 843 virga
1025 803 1119 844 pinea
1144 802 1219 833 data
1238 804 1285 833 est
1299 799 1549 842 petentisebrua.

90 842 234 884 Denique
255 845 398 885 quicquid
422 849 479 882 est,
502 855 560 886 quo
584 847 675 876 corda
703 849 809 876 nostra
830 845 1050 887 purificantur,
1080 844 1233 876 obtinebat
1255 844 1330 875 illud
1349 853 1455 875 nomen
1470 843 1551 883 apud

90 895 163 917 uros
176 887 324 919 intonsos.
370 887 490 919 Mennis
517 889 689 928 appellatus
711 888 749 918 ab
774 888 823 919 his
837 899 850 925 ,·
872 889 944 928 quia
973 888 1104 928 Luperci
1133 887 1321 918 circumeunt
1345 895 1431 916 omne
1455 886 1552 916 solum

88 929 167 967 pelle
187 933 282 970 secta,
304 933 394 971 aeque
410 932 539 962 credunt
565 940 632 962 eam
647 931 867 971 expiationem.
918 930 972 962 Vel
991 930 1064 971 quia
1076 933 1214 971 tempora
1232 933 1302 960 sunt
1315 938 1410 970 pura,
1425 927 1552 959 tumulis

701 1026 935 1037 ‘nutrcem

90 1079 131 1108 27
156 1076 197 1108 In
215 1077 269 1108 Fr,
287 1082 323 1109 ct
344 1078 544 1119 quibusdam
567 1079 638 1110 aliis
662 1080 822 1111 scribitur
839 1080 1040 1118 flaminium,
1064 1082 1101 1111 et
1123 1079 1170 1110 sic
1194 1078 1302 1110 edidit
1328 1078 1462 1109 Bersm.
1489 1075 1552 1106 Be.

91 1125 127 1151 ct
148 1119 280 1151 Arund.
308 1121 596 1153 Flumineam—28
620 1123 689 1154 Pro
713 1123 806 1162 pinea
834 1122 954 1153 Heins.
983 1122 1121 1161 legebat
1144 1121 1274 1160 spinea;
1298 1121 1331 1151 in
1355 1118 1549 1157 Hamburg.

90 1166 164 1193 erat
180 1163 386 1194 tantem—29
409 1164 447 1194 F.
465 1164 583 1204 Deniq.
607 1165 751 1204 quicquid
766 1165 799 1194 id
814 1167 870 1194 cst.
916 1163 1052 1194 Deinde
1079 1172 1128 1202 pr.
1152 1163 1247 1193 Med.
1267 1167 1302 1193 et
1319 1170 1404 1191 nnus
1419 1161 1551 1191 Bonon.

90 1214 146 1244 quo
161 1214 285 1244 corpora
300 1215 333 1235 n.
348 1205 483 1244 piarnur,
498 1205 586 1246 quod
605 1206 723 1236 Heius.
741 1210 872 1236 rectum
889 1210 988 1245 putat
1002 1216 1009 1235 :
1035 1205 1069 1235 in
1088 1204 1176 1244 vulg.
1193 1203 1360 1234 edebatur
1375 1212 1502 1242 corpora
1518 1211 1550 1232 n.

85 1247 237 1286 piantur.-
259 1247 375 1278 Ursini
391 1247 447 1278 lib.
463 1251 585 1287 pectora
602 1258 633 1278 π.
648 1249 775 1288 pictum
798 1248 895 1278 Voss.
921 1252 956 1278 et
981 1257 1040 1278 sex
1067 1246 1123 1277 alii
1146 1247 1293 1286 piantur,-
1315 1250 1351 1276 et
1378 1250 1446 1275 tres
1473 1253 1551 1275 cum

88 1288 144 1320 Fr.
158 1288 380 1327 pinnatum—31
407 1290 506 1330 Vulg.
522 1290 700 1330 legebatur
715 1290 790 1321 dict.
820 1293 931 1321 sancta
945 1290 1031 1331 quia,
1057 1289 1112 1320 vel
1138 1289 1228 1329 quod,
1238 1289 1311 1328 pell.
1334 1297 1377 1318 ex
1395 1296 1455 1318 suo
1481 1291 1551 1316 vet.

89 1330 253 1371 Neapolis
267 1335 350 1362 secta
367 1331 522 1372 profert3
547 1331 637 1374 quod
655 1337 691 1364 et
707 1333 808 1364 estin
835 1333 890 1363 Fr.
917 1342 979 1373 pro
1009 1342 1080 1364 var.
1109 1332 1192 1363 lect.
1217 1331 1296 1362 dum
1319 1330 1423 1361 habet
1449 1339 1468 1360 a
1497 1338 1550 1369 pr.

87 1381 175 1404 man.
191 1372 290 1411 sexta.
336 1374 425 1405 Dein
454 1384 514 1416 pro
540 1377 613 1416 quia
640 1375 777 1416 plurimi
803 1375 930 1407 babent
957 1376 1056 1416 quod‚·
1088 1375 1131 1406 V.
1157 1384 1236 1414 quo;
1259 1373 1352 1405 Med.
1379 1382 1460 1414 qua;
1483 1371 1551 1402 duo

750 1472 889 1504 NOTAE

87 1544 95 1559 ‘
112 1542 270 1576 tlaminia’
281 1544 474 1585 dicebatur,
490 1546 545 1577 ille
566 1546 658 1588 prior
673 1546 770 1578 dicit.

132 1596 172 1626 24
199 1595 300 1636 Mica]
327 1595 426 1631 Salis,
443 1597 589 1628 scilicet.

135 1644 236 1684 Idem]
266 1645 409 1683 Februa,
422 1647 566 1678 scilicet.

132 1698 172 1726 25
198 1694 300 1734 Pura]
329 1695 414 1727 Quis
432 1697 580 1736 ambigat
596 1697 675 1738 quin
691 1697 793 1728 arbor

92 1754 176 1786 pura
192 1744 233 1775 sit
261 1745 427 1786 ipsissima
442 1747 560 1786 pinus?
588 1757 664 1777 nam
689 1747 792 1788 paulo

90 1800 167 1836 post
197 1795 294 1835 dicit,
323 1797 332 1812 ‘
360 1795 478 1826 februa
510 1798 662 1836 poscenti
694 1798 794 1838 pinca

92 1845 186 1885 virga
214 1845 294 1876 data
326 1845 403 1878 est.'
464 1846 576 1878 Verba
606 1847 678 1878 lnaec
717 1853 794 1878 sunt

88 1895 239 1926 nobiliss.
266 1896 441 1936 Neapolis,
458 1897 520 1927 viri
544 1901 639 1928 certe
656 1902 691 1928 et
716 1897 794 1928 doc-

90 1946 204 1978 tissimi
219 1951 254 1978 et
271 1947 530 1978 accuratissimi.

130 2000 171 2029 27
198 1997 418 2038 Flaminicnm]
431 1999 592 2030 Flaminis
603 2001 794 2040 conjugem,

88 2058 188 2091 quam
198 2053 235 2080 et
251 2050 259 2066 ‘
274 2048 455 2081 flaminam’
473 2050 646 2083 dixerunt.
664 2052 792 2082 Verum

78 2100 258 2141 flaminiam
277 2099 403 2131 habent
420 2101 515 2131 multi
528 2101 684 2138 codiccs;
703 2101 792 2142 quod

88 2150 118 2181 ni
145 2151 304 2190 retineas,
325 2150 366 2181 de
387 2152 612 2182 Sacerdotula
635 2153 792 2194 quapiam

89 2199 366 2242 intelligendum,
397 2212 473 2242 quae
501 2202 590 2233 Diali
624 2204 793 2243 pra’mini-

87 2255 226 2283 struet.
259 2252 350 2284 Quin
389 2257 424 2283 et
451 2251 592 2293 Josepb.
638 2253 793 2291 Scaliger

89 2302 219 2333 mavult
248 2301 409 2342 flaminia,
447 2303 542 2343 quasi
584 2302 626 2333 ab
665 2303 793 2334 aedibus

89 2350 253 2384 flaminis:
285 2353 372 2393 quod
401 2354 539 2394 quidem
571 2354 793 2386 libentissime

89 2403 314 2444 amplecterer
332 2404 357 2434 si
374 2413 435 2444 per
452 2404 536 2435 Mss.
554 2405 684 2435 liceret.

131 2455 174 2485 28
201 2453 313 2494 Pinea]
350 2455 487 2486 Clariss.
520 2454 684 2486 Heinsius
709 2455 792 2495 legit

88 2503 205 2544 opine«,
242 2514 281 2535 eo
318 2504 477 2536 inductus
514 2505 603 2545 qnod
638 2505 791 2536 omnibns

91 2553 264 2594 spinarum
288 2555 469 2596 generibus
497 2565 658 2586 noxarum
677 2555 792 2595 depol-

92 2601 265 2635 tend-rum
283 2605 348 2635 vim
371 2605 505 2636 insitam
523 2611 655 2637 veteres
684 2606 792 2637 credi-

95 2650 224 2684 derint:
249 2654 290 2685 dc
311 2665 375 2697 qua
391 2661 424 2687 et
450 2662 564 2687 noster
581 2657 614 2687 in
629 2662 738 2688 sexto.

137 2703 338 2745 solutum]
349 2706 496 2738 Primum
510 2707 598 2738 enim
612 2713 794 2744 tonsorem,

93 2760 237 2833 esumt‘que
268 2754 430 2796 Siculum,
465 2757 499 2790 in
530 2758 658 2791 Urbem
695 2758 791 2790 duxit

121 2810 177 2843 cup
192 2811 224 2834 o.

891 1549 930 1577 31
947 1546 1069 1578 Mensis
1077 1546 1131 1587 ab]
1154 1545 1360 1578 Februarius
1373 1542 1498 1576 mensis
1509 1542 1551 1574 ab

847 1596 897 1627 bis
913 1596 1042 1627 februis
1058 1597 1180 1628 dictus.

890 1647 1036 1687 Luperci]
1080 1647 1182 1678 Panis
1205 1645 1426 1684 Sacerdotes,
1448 1644 1552 1677 sectis

849 1707 1026 1739 caprorum
1035 1698 1134 1729 coriis
1145 1697 1238 1737 nudi,
1249 1697 1310 1728 nisi
1326 1698 1352 1728 si
1361 1707 1433 1738 quae
1446 1696 1552 1738 pelles

849 1748 1009 1789 pudenda
1031 1753 1201 1788 tegerent,
1218 1758 1279 1788 per
1301 1748 1410 1779 onmia
1427 1747 1556 1779 discur-

850 1804 976 1837 rentes,
1004 1804 1039 1829 et
1061 1798 1170 1830 onmia
1194 1798 1398 1829 lustrantes:
1422 1797 1465 1828 de
1482 1797 1554 1838 qui-

849 1848 923 1888 bus,
940 1853 976 1879 et
993 1848 1239 1888 Lupercalibus
1256 1848 1349 1889 ipsis,
1366 1846 1553 1878 audiendus

848 1899 986 1930 omnino
1006 1898 1145 1929 Servius
1162 1899 1193 1928 in
1213 1902 1233 1929 8
1251 1898 1424 1929 AEneidos.
1457 1897 1467 1914 ‘
1482 1897 1554 1929 Sub

848 1949 986 1989 montes
1003 1949 1124 1990 inquit,
1141 1951 1149 1965 ‘
1164 1949 1321 1980 Palatino
1333 1954 1385 1980 est
1398 1949 1554 1990 qnaedam

848 2001 1024 2041 spelunca,
1039 2000 1072 2030 in
1086 2009 1153 2041 qua
1169 1999 1211 2030 de
1226 2008 1328 2039 capro
1342 1999 1508 2039 luebatnr,
1519 1999 1554 2030 id

847 2055 914 2088 est,
930 2049 1206 2081 sacrificabatur:
1234 2049 1324 2080 unde
1341 2050 1351 2066 ‘
1370 2049 1556 2090 Lupercal'

848 2099 977 2131 dictum
1002 2099 1156 2130 nonnulli
1181 2103 1316 2140 putant.
1365 2100 1432 2130 Alii
1464 2099 1553 2141 quod

847 2150 916 2182 illic
932 2151 1012 2190 lupa
1030 2151 1171 2181 Remum
1189 2155 1223 2181 et
1236 2150 1413 2181 Romulum
1427 2151 1555 2182 nutrie-

847 2203 904 2234 rit.
951 2202 1032 2242 Alii,
1049 2201 1136 2243 qnod
1155 2206 1207 2232 est
1222 2201 1468 2240 ve1·ius‚locnm
1481 2211 1555 2233 esse

847 2254 936 2285 bunc
966 2259 1137 2285 sacratum
1168 2253 1253 2284 Pani
1280 2254 1357 2284 Deo
1383 2252 1554 2292 Arcadiae,

847 2306 901 2336 eui
918 2305 1020 2336 etiam
1035 2314 1128 2334 mons
1144 2305 1282 2344 Lycaeus
1293 2303 1326 2333 in
1338 2303 1489 2334 Arcadia
1500 2308 1554 2335 cst

848 2360 1075 2387 consecratus.
1138 2354 1183 2385 Et
1221 2353 1332 2385 dictus
1355 2356 1364 2371 ‘
1386 2353 1554 2394 Lycaeum}

848 2405 938 2446 qnod
956 2406 1054 2446 lupos
1070 2414 1137 2436 non
1160 2405 1250 2436 sinat
1267 2405 1300 2435 in
1325 2414 1404 2435 oves
1420 2405 1553 2436 saevire.

850 2457 941 2496 Ergo
960 2456 1036 2486 idco
1049 2460 1084 2486 ct
1098 2455 1257 2486 Evander
1270 2455 1347 2485 Deo
1360 2455 1472 2494 gentis
1483 2464 1552 2486 suae

848 2507 996 2538 sacravit
1023 2506 1147 2543 locun»,
1176 2511 1210 2536 et
1245 2505 1431 2537 nominavit
1461 2507 1471 2522 ‘
1487 2506 1553 2537 Lu·

849 2555 991 2597 percal,'
1008 2556 1098 2596 quod
1115 2555 1276 2596 praesidio
1290 2555 1394 2595 ipsius
1410 2555 1553 2586 numinis

846 2607 917 2647 lupi
933 2617 951 2636 a
966 2606 1153 2647 pecudibus
1165 2605 1392 2636 arcerentur!
1417 2606 1467 2635 Ex
1481 2605 1552 2645 qui-

847 2658 908 2688 bus
937 2658 989 2687 vix
1019 2657 1160 2687 dubium
1187 2656 1230 2687 sit
1260 2656 1302 2686 ab
1333 2654 1491 2684 Evandro
1517 2654 1552 2684 in

851 2709 983 2739 Latium
1016 2708 1152 2738 invecta
1183 2706 1324 2736 ridicula
1361 2709 1396 2733 et
1426 2702 1554 2734 nefaria

848 2758 907 2789 illa
921 2768 1017 2789 sacra
1028 2758 1060 2787 in
1074 2757 1177 2787 Panis
1190 2754 1302 2795 Lyca‘i
1316 2754 1497 2785 honorem:
1515 2759 1553 2786 ut

847 2807 950 2839 sicuti
967 2816 986 2840 a
1003 2805 1109 2842 λύκοι,
1127 2805 1251 2838 nulnum.
1267 2804 1314 2835 it·
1329 2813 1349 2835 a
1364 2804 1444 2845 lupo
1463 2804 1473 2823 ‘
1489 2804 1552 2837 Lu-
