<?xml version="1.0" encoding="UTF-8"?>
<!DOCTYPE html PUBLIC "-//W3C//DTD XHTML 1.0 Transitional//EN"
    "http://www.w3.org/TR/xhtml1/DTD/xhtml1-transitional.dtd">
<html xmlns="http://www.w3.org/1999/xhtml" xml:lang="en" lang="en">
 <head>
  <title>
</title>
<meta http-equiv="Content-Type" content="text/html;charset=utf-8" />
  <meta name='ocr-system' content='tesseract 3.04.00' />
  <meta name='ocr-capabilities' content='ocr_page ocr_carea ocr_par ocr_line ocrx_word'/>
</head>
<body>
  <div class='ocr_page' id='page_1' title='image "./operaomniaexedit04oviduoft_0538.png"; bbox 0 0 1773 3121; ppageno 0'>
   <div class='ocr_carea' id='block_1_1' title="bbox 186 202 1154 244">
    <p class='ocr_par' dir='ltr' id='par_1_1' title="bbox 186 202 1154 244">
     <span class='ocr_line' id='line_1_1' title="bbox 186 202 1154 244; baseline -0.007 -1"><span class='ocrx_word' id='word_1_1' title='bbox 186 202 299 244; x_wconf 80' lang='lat'>2156</span> <span class='ocrx_word' id='word_1_2' title='bbox 680 210 719 240; x_wconf 81' lang='lat' dir='ltr'>r.</span> <span class='ocrx_word' id='word_1_3' title='bbox 735 206 908 242; x_wconf 78' lang='lat' dir='ltr'>ovum</span> <span class='ocrx_word' id='word_1_4' title='bbox 941 205 1154 237; x_wconf 57' lang='lat' dir='ltr'>Nisoms</span> 
     </span>
    </p>
   </div>
   <div class='ocr_carea' id='block_1_2' title="bbox 188 295 1644 1224">
    <p class='ocr_par' dir='ltr' id='par_1_2' title="bbox 188 295 1644 1224">
     <span class='ocr_line' id='line_1_2' title="bbox 189 295 1637 359; baseline -0.007 -13"><span class='ocrx_word' id='word_1_5' title='bbox 189 303 474 359; x_wconf 87' lang='lat' dir='ltr'>Suppositum</span> <span class='ocrx_word' id='word_1_6' title='bbox 494 301 632 343; x_wconf 86' lang='lat' dir='ltr'>cineri</span> <span class='ocrx_word' id='word_1_7' title='bbox 652 314 810 355; x_wconf 88' lang='lat' dir='ltr'>panem</span> <span class='ocrx_word' id='word_1_8' title='bbox 827 301 954 342; x_wconf 83' lang='lat' dir='ltr'>focus</span> <span class='ocrx_word' id='word_1_9' title='bbox 970 300 1068 353; x_wconf 86' lang='lat' dir='ltr'>ipse</span> <span class='ocrx_word' id='word_1_10' title='bbox 1088 298 1302 353; x_wconf 84' lang='lat' dir='ltr'>parabat3</span> <span class='ocrx_word' id='word_1_11' title='bbox 1550 295 1637 337; x_wconf 83' lang='lat'>315</span> 
     </span>
     <span class='ocr_line' id='line_1_3' title="bbox 246 365 1241 424; baseline -0.007 -11"><span class='ocrx_word' id='word_1_12' title='bbox 246 372 481 424; x_wconf 82' lang='lat' dir='ltr'>Strataque</span> <span class='ocrx_word' id='word_1_13' title='bbox 504 373 594 410; x_wconf 89' lang='lat' dir='ltr'>erat</span> <span class='ocrx_word' id='word_1_14' title='bbox 612 368 760 422; x_wconf 84' lang='lat' dir='ltr'>tepido</span> <span class='ocrx_word' id='word_1_15' title='bbox 783 369 927 422; x_wconf 85' lang='lat' dir='ltr'>tegula</span> <span class='ocrx_word' id='word_1_16' title='bbox 949 380 1113 421; x_wconf 87' lang='lat' dir='ltr'>quassa</span> <span class='ocrx_word' id='word_1_17' title='bbox 1134 365 1241 407; x_wconf 91' lang='lat' dir='ltr'>solo.</span> 
     </span>
     <span class='ocr_line' id='line_1_4' title="bbox 190 433 1354 489; baseline -0.006 -10"><span class='ocrx_word' id='word_1_18' title='bbox 190 438 297 480; x_wconf 91' lang='lat' dir='ltr'>Inde</span> <span class='ocrx_word' id='word_1_19' title='bbox 314 438 461 478; x_wconf 88' lang='lat' dir='ltr'>focum</span> <span class='ocrx_word' id='word_1_20' title='bbox 481 440 626 478; x_wconf 82' lang='lat' dir='ltr'>servat</span> <span class='ocrx_word' id='word_1_21' title='bbox 644 436 797 489; x_wconf 89' lang='lat' dir='ltr'>pistor,</span> <span class='ocrx_word' id='word_1_22' title='bbox 818 436 1125 487; x_wconf 79' lang='lat' dir='ltr'>dominamque</span> <span class='ocrx_word' id='word_1_23' title='bbox 1144 433 1354 480; x_wconf 86' lang='lat' dir='ltr'>focorum,</span> 
     </span>
     <span class='ocr_line' id='line_1_5' title="bbox 247 501 1180 558; baseline -0.004 -13"><span class='ocrx_word' id='word_1_24' title='bbox 247 505 304 545; x_wconf 86' lang='lat' dir='ltr'>Et</span> <span class='ocrx_word' id='word_1_25' title='bbox 324 518 426 558; x_wconf 81' lang='lat' dir='ltr'>quae</span> <span class='ocrx_word' id='word_1_26' title='bbox 447 505 679 558; x_wconf 84' lang='lat' dir='ltr'>pumiceas</span> <span class='ocrx_word' id='word_1_27' title='bbox 701 507 847 545; x_wconf 86' lang='lat' dir='ltr'>versat</span> <span class='ocrx_word' id='word_1_28' title='bbox 866 503 1003 544; x_wconf 86' lang='lat' dir='ltr'>asella</span> <span class='ocrx_word' id='word_1_29' title='bbox 1023 501 1180 542; x_wconf 84' lang='lat' dir='ltr'>molas.</span> 
     </span>
     <span class='ocr_line' id='line_1_6' title="bbox 191 566 1338 621; baseline -0.005 -9"><span class='ocrx_word' id='word_1_30' title='bbox 191 571 469 621; x_wconf 84' lang='lat' dir='ltr'>Praeteream,</span> <span class='ocrx_word' id='word_1_31' title='bbox 491 571 725 613; x_wconf 81' lang='lat' dir='ltr'>referamne</span> <span class='ocrx_word' id='word_1_32' title='bbox 745 573 881 619; x_wconf 89' lang='lat' dir='ltr'>tuum,</span> <span class='ocrx_word' id='word_1_33' title='bbox 902 567 1143 610; x_wconf 84' lang='lat' dir='ltr'>rubicunde</span> <span class='ocrx_word' id='word_1_34' title='bbox 1162 566 1338 620; x_wconf 83' lang='lat' dir='ltr'>Priape,</span> 
     </span>
     <span class='ocr_line' id='line_1_7' title="bbox 248 628 1637 689; baseline -0.007 -10"><span class='ocrx_word' id='word_1_35' title='bbox 248 638 453 680; x_wconf 82' lang='lat' dir='ltr'>Dedecus</span> <span class='ocrx_word' id='word_1_36' title='bbox 469 639 487 686; x_wconf 65' lang='grc' dir='ltr'>’ξ</span> <span class='ocrx_word' id='word_1_37' title='bbox 519 641 584 679; x_wconf 86' lang='lat' dir='ltr'>est</span> <span class='ocrx_word' id='word_1_38' title='bbox 602 637 728 679; x_wconf 86' lang='lat' dir='ltr'>multi</span> <span class='ocrx_word' id='word_1_39' title='bbox 749 636 901 677; x_wconf 86' lang='lat' dir='ltr'>fabula</span> <span class='ocrx_word' id='word_1_40' title='bbox 920 636 1054 689; x_wconf 90' lang='lat' dir='ltr'>plena</span> <span class='ocrx_word' id='word_1_41' title='bbox 1070 634 1178 688; x_wconf 91' lang='lat' dir='ltr'>joci.</span> <span class='ocrx_word' id='word_1_42' title='bbox 1552 628 1637 669; x_wconf 76' lang='lat'>320</span> 
     </span>
     <span class='ocr_line' id='line_1_8' title="bbox 188 702 1213 758; baseline -0.005 -12"><span class='ocrx_word' id='word_1_43' title='bbox 188 704 421 757; x_wconf 85' lang='lat' dir='ltr'>Turrigera</span> <span class='ocrx_word' id='word_1_44' title='bbox 438 704 624 745; x_wconf 89' lang='lat' dir='ltr'>frontem</span> <span class='ocrx_word' id='word_1_45' title='bbox 646 703 810 758; x_wconf 87' lang='lat' dir='ltr'>Cybele</span> <span class='ocrx_word' id='word_1_46' title='bbox 829 702 1029 743; x_wconf 87' lang='lat' dir='ltr'>redimita</span> <span class='ocrx_word' id='word_1_47' title='bbox 1050 713 1213 743; x_wconf 88' lang='lat' dir='ltr'>corona</span> 
     </span>
     <span class='ocr_line' id='line_1_9' title="bbox 247 768 1147 813; baseline -0.003 -1"><span class='ocrx_word' id='word_1_48' title='bbox 247 772 474 813; x_wconf 83' lang='lat' dir='ltr'>Convocat</span> <span class='ocrx_word' id='word_1_49' title='bbox 495 775 677 811; x_wconf 79' lang='lat' dir='ltr'>aeternos</span> <span class='ocrx_word' id='word_1_50' title='bbox 698 770 755 810; x_wconf 90' lang='lat' dir='ltr'>ad</span> <span class='ocrx_word' id='word_1_51' title='bbox 776 782 858 809; x_wconf 89' lang='lat' dir='ltr'>sua</span> <span class='ocrx_word' id='word_1_52' title='bbox 873 769 991 808; x_wconf 84' lang='lat' dir='ltr'>festa</span> <span class='ocrx_word' id='word_1_53' title='bbox 1011 768 1147 809; x_wconf 89' lang='lat' dir='ltr'>Deos.</span> 
     </span>
     <span class='ocr_line' id='line_1_10' title="bbox 190 832 1437 890; baseline -0.002 -13"><span class='ocrx_word' id='word_1_54' title='bbox 190 837 419 878; x_wconf 84' lang='lat' dir='ltr'>Convocat</span> <span class='ocrx_word' id='word_1_55' title='bbox 438 842 481 877; x_wconf 83' lang='lat' dir='ltr'>et</span> <span class='ocrx_word' id='word_1_56' title='bbox 498 837 693 890; x_wconf 84' lang='lat' dir='ltr'>Satyros,</span> <span class='ocrx_word' id='word_1_57' title='bbox 714 841 770 885; x_wconf 91' lang='lat' dir='ltr'>et,</span> <span class='ocrx_word' id='word_1_58' title='bbox 787 835 950 875; x_wconf 87' lang='lat' dir='ltr'>rustica</span> <span class='ocrx_word' id='word_1_59' title='bbox 969 834 1164 882; x_wconf 82' lang='lat' dir='ltr'>numina,</span> <span class='ocrx_word' id='word_1_60' title='bbox 1188 832 1437 887; x_wconf 80' lang='lat' dir='ltr'>Nymphas,</span> 
     </span>
     <span class='ocr_line' id='line_1_11' title="bbox 248 898 1189 957; baseline -0.006 -14"><span class='ocrx_word' id='word_1_61' title='bbox 248 903 432 952; x_wconf 86' lang='lat' dir='ltr'>Silenus,</span> <span class='ocrx_word' id='word_1_62' title='bbox 455 903 660 957; x_wconf 87' lang='lat' dir='ltr'>quamvis</span> <span class='ocrx_word' id='word_1_63' title='bbox 681 914 809 942; x_wconf 91' lang='lat' dir='ltr'>nemo</span> <span class='ocrx_word' id='word_1_64' title='bbox 829 903 1025 950; x_wconf 86' lang='lat' dir='ltr'>vocarat,</span> <span class='ocrx_word' id='word_1_65' title='bbox 1048 898 1189 940; x_wconf 85' lang='lat' dir='ltr'>adest.</span> 
     </span>
     <span class='ocr_line' id='line_1_12' title="bbox 191 961 1644 1022; baseline -0.005 -12"><span class='ocrx_word' id='word_1_66' title='bbox 191 968 289 1010; x_wconf 87' lang='lat' dir='ltr'>Nec</span> <span class='ocrx_word' id='word_1_67' title='bbox 310 969 429 1018; x_wconf 87' lang='lat' dir='ltr'>licet,</span> <span class='ocrx_word' id='word_1_68' title='bbox 450 974 494 1009; x_wconf 81' lang='lat' dir='ltr'>et</span> <span class='ocrx_word' id='word_1_69' title='bbox 513 970 693 1022; x_wconf 84' lang='lat' dir='ltr'>longum</span> <span class='ocrx_word' id='word_1_70' title='bbox 713 972 779 1009; x_wconf 86' lang='lat' dir='ltr'>est</span> <span class='ocrx_word' id='word_1_71' title='bbox 799 967 951 1022; x_wconf 86' lang='lat' dir='ltr'>epulas</span> <span class='ocrx_word' id='word_1_72' title='bbox 971 978 1141 1006; x_wconf 86' lang='lat' dir='ltr'>narrare</span> <span class='ocrx_word' id='word_1_73' title='bbox 1165 966 1357 1006; x_wconf 87' lang='lat' dir='ltr'>Deorum</span> <span class='ocrx_word' id='word_1_74' title='bbox 1374 977 1383 1005; x_wconf 90' lang='lat'>:</span> <span class='ocrx_word' id='word_1_75' title='bbox 1556 961 1644 1005; x_wconf 76' lang='lat'>325</span> 
     </span>
     <span class='ocr_line' id='line_1_13' title="bbox 249 1035 1093 1089; baseline -0.004 -13"><span class='ocrx_word' id='word_1_76' title='bbox 249 1036 304 1077; x_wconf 91' lang='lat' dir='ltr'>In</span> <span class='ocrx_word' id='word_1_77' title='bbox 325 1036 466 1076; x_wconf 88' lang='lat' dir='ltr'>multo</span> <span class='ocrx_word' id='word_1_78' title='bbox 486 1049 573 1076; x_wconf 82' lang='lat' dir='ltr'>nox</span> <span class='ocrx_word' id='word_1_79' title='bbox 595 1039 661 1076; x_wconf 88' lang='lat' dir='ltr'>est</span> <span class='ocrx_word' id='word_1_80' title='bbox 677 1035 940 1089; x_wconf 84' lang='lat' dir='ltr'>pervigilata</span> <span class='ocrx_word' id='word_1_81' title='bbox 958 1045 1093 1074; x_wconf 90' lang='lat' dir='ltr'>mero.</span> 
     </span>
     <span class='ocr_line' id='line_1_14' title="bbox 194 1098 1237 1156; baseline -0.005 -11"><span class='ocrx_word' id='word_1_82' title='bbox 194 1102 257 1145; x_wconf 88' lang='lat' dir='ltr'>Hi</span> <span class='ocrx_word' id='word_1_83' title='bbox 278 1107 436 1144; x_wconf 89' lang='lat' dir='ltr'>temere</span> <span class='ocrx_word' id='word_1_84' title='bbox 455 1104 657 1144; x_wconf 86' lang='lat' dir='ltr'>errabant</span> <span class='ocrx_word' id='word_1_85' title='bbox 675 1104 721 1144; x_wconf 88' lang='lat' dir='ltr'>in</span> <span class='ocrx_word' id='word_1_86' title='bbox 737 1115 891 1156; x_wconf 83' lang='lat' dir='ltr'>opacae</span> <span class='ocrx_word' id='word_1_87' title='bbox 912 1100 1100 1142; x_wconf 89' lang='lat' dir='ltr'>vallibus</span> <span class='ocrx_word' id='word_1_88' title='bbox 1118 1098 1237 1140; x_wconf 87' lang='lat' dir='ltr'>Idae:</span> 
     </span>
     <span class='ocr_line' id='line_1_15' title="bbox 252 1167 1297 1224; baseline -0.004 -14"><span class='ocrx_word' id='word_1_89' title='bbox 252 1169 365 1211; x_wconf 89' lang='lat' dir='ltr'>Pars</span> <span class='ocrx_word' id='word_1_90' title='bbox 380 1171 516 1224; x_wconf 87' lang='lat' dir='ltr'>jacet,</span> <span class='ocrx_word' id='word_1_91' title='bbox 539 1174 583 1211; x_wconf 91' lang='lat' dir='ltr'>et</span> <span class='ocrx_word' id='word_1_92' title='bbox 602 1171 724 1211; x_wconf 90' lang='lat' dir='ltr'>molli</span> <span class='ocrx_word' id='word_1_93' title='bbox 747 1170 936 1222; x_wconf 86' lang='lat' dir='ltr'>gramine</span> <span class='ocrx_word' id='word_1_94' title='bbox 954 1168 1148 1208; x_wconf 87' lang='lat' dir='ltr'>membra</span> <span class='ocrx_word' id='word_1_95' title='bbox 1167 1167 1297 1207; x_wconf 87' lang='lat' dir='ltr'>levat.</span> 
     </span>
    </p>
   </div>
   <div class='ocr_carea' id='block_1_3' title="bbox 184 1306 1648 1689">
    <p class='ocr_par' dir='ltr' id='par_1_3' title="bbox 184 1306 1648 1689">
     <span class='ocr_line' id='line_1_16' title="bbox 193 1306 1645 1350; baseline -0.003 -9"><span class='ocrx_word' id='word_1_96' title='bbox 193 1311 270 1342; x_wconf 80' lang='lat' dir='ltr'>Deae</span> <span class='ocrx_word' id='word_1_97' title='bbox 286 1310 458 1341; x_wconf 76' lang='lat' dir='ltr'>Fornacali.</span> <span class='ocrx_word' id='word_1_98' title='bbox 503 1311 574 1349; x_wconf 86' lang='lat' dir='ltr'>Ipse</span> <span class='ocrx_word' id='word_1_99' title='bbox 581 1310 673 1347; x_wconf 85' lang='lat' dir='ltr'>focus</span> <span class='ocrx_word' id='word_1_100' title='bbox 685 1310 818 1350; x_wconf 79' lang='lat' dir='ltr'>parabat</span> <span class='ocrx_word' id='word_1_101' title='bbox 827 1319 939 1349; x_wconf 84' lang='lat' dir='ltr'>panem</span> <span class='ocrx_word' id='word_1_102' title='bbox 953 1308 1138 1339; x_wconf 78' lang='lat' dir='ltr'>substratum</span> <span class='ocrx_word' id='word_1_103' title='bbox 1148 1307 1245 1337; x_wconf 76' lang='lat' dir='ltr'>cineri</span> <span class='ocrx_word' id='word_1_104' title='bbox 1258 1318 1270 1343; x_wconf 90' lang='lat'><em>;</em></span> <span class='ocrx_word' id='word_1_105' title='bbox 1284 1310 1313 1337; x_wconf 80' lang='lat' dir='ltr'>et</span> <span class='ocrx_word' id='word_1_106' title='bbox 1329 1307 1441 1337; x_wconf 84' lang='lat' dir='ltr'>lateres</span> <span class='ocrx_word' id='word_1_107' title='bbox 1443 1306 1545 1344; x_wconf 80' lang='lat' dir='ltr'>fracti</span> <span class='ocrx_word' id='word_1_108' title='bbox 1557 1311 1645 1337; x_wconf 78' lang='lat' dir='ltr'>erant</span> 
     </span>
     <span class='ocr_line' id='line_1_17' title="bbox 188 1349 1644 1393; baseline -0.003 -10"><span class='ocrx_word' id='word_1_109' title='bbox 188 1353 283 1393; x_wconf 79' lang='lat' dir='ltr'>positi</span> <span class='ocrx_word' id='word_1_110' title='bbox 297 1352 329 1382; x_wconf 77' lang='lat' dir='ltr'>in</span> <span class='ocrx_word' id='word_1_111' title='bbox 344 1352 405 1382; x_wconf 86' lang='lat' dir='ltr'>solo</span> <span class='ocrx_word' id='word_1_112' title='bbox 421 1352 530 1382; x_wconf 82' lang='lat' dir='ltr'>calido.</span> <span class='ocrx_word' id='word_1_113' title='bbox 578 1353 654 1382; x_wconf 83' lang='lat' dir='ltr'>Inde</span> <span class='ocrx_word' id='word_1_114' title='bbox 668 1352 779 1392; x_wconf 79' lang='lat' dir='ltr'>pistor,</span> <span class='ocrx_word' id='word_1_115' title='bbox 804 1355 833 1382; x_wconf 84' lang='lat' dir='ltr'>et</span> <span class='ocrx_word' id='word_1_116' title='bbox 855 1352 962 1388; x_wconf 85' lang='lat' dir='ltr'>asella,</span> <span class='ocrx_word' id='word_1_117' title='bbox 989 1360 1055 1389; x_wconf 81' lang='lat' dir='ltr'>quae</span> <span class='ocrx_word' id='word_1_118' title='bbox 1076 1351 1182 1387; x_wconf 81' lang='lat' dir='ltr'>agitat</span> <span class='ocrx_word' id='word_1_119' title='bbox 1203 1349 1297 1378; x_wconf 87' lang='lat' dir='ltr'>molas</span> <span class='ocrx_word' id='word_1_120' title='bbox 1315 1349 1481 1388; x_wconf 80' lang='lat' dir='ltr'>pumiceas,</span> <span class='ocrx_word' id='word_1_121' title='bbox 1504 1349 1644 1380; x_wconf 84' lang='lat' dir='ltr'>observat</span> 
     </span>
     <span class='ocr_line' id='line_1_18' title="bbox 184 1389 1647 1432; baseline -0.002 -8"><span class='ocrx_word' id='word_1_122' title='bbox 184 1395 292 1431; x_wconf 68' lang='lat' dir='ltr'>jocum</span> <span class='ocrx_word' id='word_1_123' title='bbox 307 1397 337 1424; x_wconf 82' lang='lat' dir='ltr'>et</span> <span class='ocrx_word' id='word_1_124' title='bbox 353 1394 507 1424; x_wconf 77' lang='lat' dir='ltr'>dominam</span> <span class='ocrx_word' id='word_1_125' title='bbox 515 1393 671 1431; x_wconf 85' lang='lat' dir='ltr'>focorum.</span> <span class='ocrx_word' id='word_1_126' title='bbox 720 1393 925 1432; x_wconf 72' lang='lat' dir='ltr'>Omittamne,</span> <span class='ocrx_word' id='word_1_127' title='bbox 950 1402 991 1422; x_wconf 85' lang='lat' dir='ltr'>an</span> <span class='ocrx_word' id='word_1_128' title='bbox 1014 1400 1177 1422; x_wconf 83' lang='lat' dir='ltr'>memorem</span> <span class='ocrx_word' id='word_1_129' title='bbox 1191 1394 1277 1421; x_wconf 82' lang='lat' dir='ltr'>tuum</span> <span class='ocrx_word' id='word_1_130' title='bbox 1288 1389 1448 1430; x_wconf 81' lang='lat' dir='ltr'>probrum,</span> <span class='ocrx_word' id='word_1_131' title='bbox 1464 1390 1584 1430; x_wconf 83' lang='lat' dir='ltr'>Priape</span> <span class='ocrx_word' id='word_1_132' title='bbox 1594 1400 1647 1421; x_wconf 79' lang='lat' dir='ltr'>ru-</span> 
     </span>
     <span class='ocr_line' id='line_1_19' title="bbox 192 1433 1646 1475; baseline -0.003 -8"><span class='ocrx_word' id='word_1_133' title='bbox 192 1433 343 1467; x_wconf 80' lang='lat' dir='ltr'>bicunde?</span> <span class='ocrx_word' id='word_1_134' title='bbox 388 1435 506 1466; x_wconf 83' lang='lat' dir='ltr'>Fabula</span> <span class='ocrx_word' id='word_1_135' title='bbox 522 1439 566 1466; x_wconf 83' lang='lat' dir='ltr'>est</span> <span class='ocrx_word' id='word_1_136' title='bbox 581 1436 696 1473; x_wconf 70' lang='lat' dir='ltr'>referta</span> <span class='ocrx_word' id='word_1_137' title='bbox 712 1436 800 1466; x_wconf 81' lang='lat' dir='ltr'>multi</span> <span class='ocrx_word' id='word_1_138' title='bbox 808 1435 885 1474; x_wconf 77' lang='lat' dir='ltr'>joci.</span> <span class='ocrx_word' id='word_1_139' title='bbox 931 1434 1042 1475; x_wconf 84' lang='lat' dir='ltr'>Cybele</span> <span class='ocrx_word' id='word_1_140' title='bbox 1068 1433 1179 1464; x_wconf 81' lang='lat' dir='ltr'>habens</span> <span class='ocrx_word' id='word_1_141' title='bbox 1200 1435 1292 1472; x_wconf 83' lang='lat' dir='ltr'>caput</span> <span class='ocrx_word' id='word_1_142' title='bbox 1306 1433 1441 1463; x_wconf 80' lang='lat' dir='ltr'>cinctum</span> <span class='ocrx_word' id='word_1_143' title='bbox 1455 1442 1565 1462; x_wconf 84' lang='lat' dir='ltr'>corona</span> <span class='ocrx_word' id='word_1_144' title='bbox 1579 1435 1646 1463; x_wconf 82' lang='lat' dir='ltr'>tur·</span> 
     </span>
     <span class='ocr_line' id='line_1_20' title="bbox 191 1474 1648 1517; baseline -0.002 -8"><span class='ocrx_word' id='word_1_145' title='bbox 191 1478 291 1516; x_wconf 78' lang='lat' dir='ltr'>rifero</span> <span class='ocrx_word' id='word_1_146' title='bbox 305 1482 474 1517; x_wconf 81' lang='lat' dir='ltr'>congregat</span> <span class='ocrx_word' id='word_1_147' title='bbox 499 1479 585 1509; x_wconf 86' lang='lat' dir='ltr'>Deos</span> <span class='ocrx_word' id='word_1_148' title='bbox 600 1482 731 1509; x_wconf 77' lang='lat' dir='ltr'>aeternos</span> <span class='ocrx_word' id='word_1_149' title='bbox 745 1480 785 1509; x_wconf 78' lang='lat' dir='ltr'>ad</span> <span class='ocrx_word' id='word_1_150' title='bbox 796 1488 850 1509; x_wconf 84' lang='lat' dir='ltr'>sua</span> <span class='ocrx_word' id='word_1_151' title='bbox 858 1476 956 1515; x_wconf 83' lang='lat' dir='ltr'>festa.</span> <span class='ocrx_word' id='word_1_152' title='bbox 1003 1477 1158 1507; x_wconf 77' lang='lat' dir='ltr'>Convocat</span> <span class='ocrx_word' id='word_1_153' title='bbox 1173 1475 1267 1506; x_wconf 81' lang='lat' dir='ltr'>etiam</span> <span class='ocrx_word' id='word_1_154' title='bbox 1281 1474 1425 1515; x_wconf 77' lang='lat' dir='ltr'>Satyros,</span> <span class='ocrx_word' id='word_1_155' title='bbox 1439 1477 1470 1505; x_wconf 86' lang='lat' dir='ltr'>et</span> <span class='ocrx_word' id='word_1_156' title='bbox 1489 1474 1648 1515; x_wconf 81' lang='lat' dir='ltr'>Nymphas</span> 
     </span>
     <span class='ocr_line' id='line_1_21' title="bbox 192 1516 1646 1561; baseline -0.003 -10"><span class='ocrx_word' id='word_1_157' title='bbox 192 1521 316 1552; x_wconf 80' lang='lat' dir='ltr'>numina</span> <span class='ocrx_word' id='word_1_158' title='bbox 329 1521 459 1551; x_wconf 77' lang='lat' dir='ltr'>rustica.</span> <span class='ocrx_word' id='word_1_159' title='bbox 505 1521 627 1552; x_wconf 73' lang='lat' dir='ltr'>Silenus</span> <span class='ocrx_word' id='word_1_160' title='bbox 640 1523 742 1560; x_wconf 82' lang='lat' dir='ltr'>adest,</span> <span class='ocrx_word' id='word_1_161' title='bbox 755 1521 893 1561; x_wconf 75' lang='lat' dir='ltr'>quamtis</span> <span class='ocrx_word' id='word_1_162' title='bbox 915 1519 1017 1550; x_wconf 81' lang='lat' dir='ltr'>nullus</span> <span class='ocrx_word' id='word_1_163' title='bbox 1042 1519 1214 1550; x_wconf 79' lang='lat' dir='ltr'>invitasset.</span> <span class='ocrx_word' id='word_1_164' title='bbox 1262 1517 1370 1558; x_wconf 82' lang='lat' dir='ltr'>Neque</span> <span class='ocrx_word' id='word_1_165' title='bbox 1382 1516 1440 1555; x_wconf 84' lang='lat' dir='ltr'>sas</span> <span class='ocrx_word' id='word_1_166' title='bbox 1461 1520 1518 1552; x_wconf 76' lang='lat' dir='ltr'>ese,</span> <span class='ocrx_word' id='word_1_167' title='bbox 1531 1519 1563 1547; x_wconf 84' lang='lat' dir='ltr'>et</span> <span class='ocrx_word' id='word_1_168' title='bbox 1574 1527 1646 1557; x_wconf 84' lang='lat' dir='ltr'>pro-</span> 
     </span>
     <span class='ocr_line' id='line_1_22' title="bbox 193 1559 1648 1604; baseline -0.003 -10"><span class='ocrx_word' id='word_1_169' title='bbox 193 1564 291 1594; x_wconf 72' lang='lat' dir='ltr'>lixum</span> <span class='ocrx_word' id='word_1_170' title='bbox 300 1562 388 1601; x_wconf 84' lang='lat' dir='ltr'>foret</span> <span class='ocrx_word' id='word_1_171' title='bbox 408 1563 526 1601; x_wconf 83' lang='lat' dir='ltr'>referre</span> <span class='ocrx_word' id='word_1_172' title='bbox 540 1565 633 1604; x_wconf 80' lang='lat' dir='ltr'>dapes</span> <span class='ocrx_word' id='word_1_173' title='bbox 647 1565 807 1595; x_wconf 85' lang='lat' dir='ltr'>Deorum:</span> <span class='ocrx_word' id='word_1_174' title='bbox 830 1573 892 1593; x_wconf 77' lang='lat' dir='ltr'>nox</span> <span class='ocrx_word' id='word_1_175' title='bbox 908 1566 953 1593; x_wconf 84' lang='lat' dir='ltr'>est</span> <span class='ocrx_word' id='word_1_176' title='bbox 978 1562 1127 1592; x_wconf 79' lang='lat' dir='ltr'>exhausta</span> <span class='ocrx_word' id='word_1_177' title='bbox 1157 1561 1189 1591; x_wconf 83' lang='lat' dir='ltr'>in</span> <span class='ocrx_word' id='word_1_178' title='bbox 1213 1559 1308 1591; x_wconf 83' lang='lat' dir='ltr'>multo</span> <span class='ocrx_word' id='word_1_179' title='bbox 1333 1559 1415 1590; x_wconf 75' lang='lat' dir='ltr'>vino.</span> <span class='ocrx_word' id='word_1_180' title='bbox 1461 1559 1511 1590; x_wconf 82' lang='lat' dir='ltr'>Hi</span> <span class='ocrx_word' id='word_1_181' title='bbox 1530 1559 1648 1599; x_wconf 68' lang='lat' dir='ltr'>passim</span> 
     </span>
     <span class='ocr_line' id='line_1_23' title="bbox 192 1601 1647 1645; baseline -0.003 -9"><span class='ocrx_word' id='word_1_182' title='bbox 192 1606 385 1645; x_wconf 68' lang='lat' dir='ltr'>vagabantur</span> <span class='ocrx_word' id='word_1_183' title='bbox 400 1606 434 1637; x_wconf 80' lang='lat' dir='ltr'>in</span> <span class='ocrx_word' id='word_1_184' title='bbox 454 1606 584 1637; x_wconf 80' lang='lat' dir='ltr'>vallibus</span> <span class='ocrx_word' id='word_1_185' title='bbox 601 1607 668 1637; x_wconf 80' lang='lat' dir='ltr'>Ida:</span> <span class='ocrx_word' id='word_1_186' title='bbox 683 1606 846 1637; x_wconf 80' lang='lat' dir='ltr'>umbrosoe:</span> <span class='ocrx_word' id='word_1_187' title='bbox 867 1615 940 1645; x_wconf 82' lang='lat' dir='ltr'>pars</span> <span class='ocrx_word' id='word_1_188' title='bbox 956 1607 1058 1636; x_wconf 79' lang='lat' dir='ltr'>strata</span> <span class='ocrx_word' id='word_1_189' title='bbox 1074 1607 1132 1642; x_wconf 82' lang='lat' dir='ltr'>est,</span> <span class='ocrx_word' id='word_1_190' title='bbox 1148 1606 1176 1634; x_wconf 80' lang='lat' dir='ltr'>et</span> <span class='ocrx_word' id='word_1_191' title='bbox 1193 1603 1326 1643; x_wconf 78' lang='lat' dir='ltr'>quietem</span> <span class='ocrx_word' id='word_1_192' title='bbox 1339 1601 1456 1642; x_wconf 71' lang='lat' dir='ltr'>prebet</span> <span class='ocrx_word' id='word_1_193' title='bbox 1470 1602 1599 1632; x_wconf 71' lang='lat' dir='ltr'>artubus</span> <span class='ocrx_word' id='word_1_194' title='bbox 1612 1602 1647 1633; x_wconf 80' lang='lat' dir='ltr'>in</span> 
     </span>
     <span class='ocr_line' id='line_1_24' title="bbox 193 1644 1648 1689; baseline -0.001 -12"><span class='ocrx_word' id='word_1_195' title='bbox 193 1648 285 1680; x_wconf 81' lang='lat' dir='ltr'>herba</span> <span class='ocrx_word' id='word_1_196' title='bbox 301 1652 417 1680; x_wconf 79' lang='lat' dir='ltr'>tenera.</span> <span class='ocrx_word' id='word_1_197' title='bbox 462 1649 512 1679; x_wconf 80' lang='lat' dir='ltr'>Hi</span> <span class='ocrx_word' id='word_1_198' title='bbox 526 1650 655 1686; x_wconf 75' lang='lat' dir='ltr'>ludunt5</span> <span class='ocrx_word' id='word_1_199' title='bbox 676 1659 764 1689; x_wconf 84' lang='lat' dir='ltr'>sopor</span> <span class='ocrx_word' id='word_1_200' title='bbox 779 1651 863 1680; x_wconf 82' lang='lat' dir='ltr'>tenet</span> <span class='ocrx_word' id='word_1_201' title='bbox 878 1648 952 1678; x_wconf 79' lang='lat' dir='ltr'>istos</span> <span class='ocrx_word' id='word_1_202' title='bbox 963 1657 975 1684; x_wconf 91' lang='lat'>,·</span> <span class='ocrx_word' id='word_1_203' title='bbox 995 1656 1071 1688; x_wconf 81' lang='lat' dir='ltr'>pars</span> <span class='ocrx_word' id='word_1_204' title='bbox 1082 1646 1194 1686; x_wconf 75' lang='lat' dir='ltr'>jungit</span> <span class='ocrx_word' id='word_1_205' title='bbox 1222 1647 1364 1686; x_wconf 82' lang='lat' dir='ltr'>lacertos,</span> <span class='ocrx_word' id='word_1_206' title='bbox 1385 1647 1416 1676; x_wconf 81' lang='lat' dir='ltr'>et</span> <span class='ocrx_word' id='word_1_207' title='bbox 1440 1647 1489 1675; x_wconf 82' lang='lat' dir='ltr'>ter</span> <span class='ocrx_word' id='word_1_208' title='bbox 1510 1644 1648 1685; x_wconf 79' lang='lat' dir='ltr'>percutit</span> 
     </span>
    </p>
   </div>
   <div class='ocr_carea' id='block_1_4' title="bbox 804 1736 1040 1748">
    <p class='ocr_par' dir='ltr' id='par_1_4' title="bbox 804 1736 1040 1748">
     <span class='ocr_line' id='line_1_25' title="bbox 804 1736 1040 1748; baseline -0.004 0"><span class='ocrx_word' id='word_1_209' title='bbox 804 1736 1040 1748; x_wconf 60' lang='lat' dir='ltr'>eeeeeeeeeeee</span> 
     </span>
    </p>
   </div>
   <div class='ocr_carea' id='block_1_5' title="bbox 187 1799 1649 2223">
    <p class='ocr_par' dir='ltr' id='par_1_5' title="bbox 187 1799 1649 2223">
     <span class='ocr_line' id='line_1_26' title="bbox 195 1799 1647 1843; baseline -0.001 -10"><span class='ocrx_word' id='word_1_210' title='bbox 195 1811 245 1842; x_wconf 86' lang='lat' dir='ltr'>pr.</span> <span class='ocrx_word' id='word_1_211' title='bbox 259 1811 347 1834; x_wconf 85' lang='lat' dir='ltr'>man.</span> <span class='ocrx_word' id='word_1_212' title='bbox 372 1803 540 1834; x_wconf 78' lang='lat' dir='ltr'>Fornicali.</span> <span class='ocrx_word' id='word_1_213' title='bbox 563 1803 659 1834; x_wconf 86' lang='lat' dir='ltr'>Vett.</span> <span class='ocrx_word' id='word_1_214' title='bbox 691 1801 826 1843; x_wconf 84' lang='lat' dir='ltr'>plurimi</span> <span class='ocrx_word' id='word_1_215' title='bbox 843 1805 878 1832; x_wconf 86' lang='lat' dir='ltr'>et</span> <span class='ocrx_word' id='word_1_216' title='bbox 894 1801 982 1833; x_wconf 90' lang='lat' dir='ltr'>Edd.</span> <span class='ocrx_word' id='word_1_217' title='bbox 1001 1801 1118 1842; x_wconf 89' lang='lat' dir='ltr'>primae</span> <span class='ocrx_word' id='word_1_218' title='bbox 1133 1804 1203 1831; x_wconf 81' lang='lat' dir='ltr'>sunt</span> <span class='ocrx_word' id='word_1_219' title='bbox 1216 1803 1300 1831; x_wconf 82' lang='lat' dir='ltr'>stata</span> <span class='ocrx_word' id='word_1_220' title='bbox 1314 1809 1395 1831; x_wconf 84' lang='lat' dir='ltr'>sacr.</span> <span class='ocrx_word' id='word_1_221' title='bbox 1419 1799 1538 1832; x_wconf 84' lang='lat' dir='ltr'>Heius.</span> <span class='ocrx_word' id='word_1_222' title='bbox 1555 1799 1647 1840; x_wconf 87' lang='lat' dir='ltr'>conj.</span> 
     </span>
     <span class='ocr_line' id='line_1_27' title="bbox 194 1842 1648 1885; baseline -0.001 -10"><span class='ocrx_word' id='word_1_223' title='bbox 194 1846 280 1876; x_wconf 76' lang='lat' dir='ltr'>data.</span> <span class='ocrx_word' id='word_1_224' title='bbox 304 1845 488 1885; x_wconf 86' lang='lat' dir='ltr'>Gottorph.</span> <span class='ocrx_word' id='word_1_225' title='bbox 505 1856 559 1877; x_wconf 78' lang='lat' dir='ltr'>saa</span> <span class='ocrx_word' id='word_1_226' title='bbox 574 1845 688 1885; x_wconf 82' lang='lat' dir='ltr'>templa</span> <span class='ocrx_word' id='word_1_227' title='bbox 715 1845 870 1875; x_wconf 81' lang='lat' dir='ltr'>D.-316</span> <span class='ocrx_word' id='word_1_228' title='bbox 894 1844 938 1875; x_wconf 91' lang='lat' dir='ltr'>R.</span> <span class='ocrx_word' id='word_1_229' title='bbox 960 1844 1102 1884; x_wconf 84' lang='lat' dir='ltr'>Strataq.</span> <span class='ocrx_word' id='word_1_230' title='bbox 1123 1847 1212 1874; x_wconf 78' lang='lat' dir='ltr'>erant</span> <span class='ocrx_word' id='word_1_231' title='bbox 1227 1847 1288 1884; x_wconf 82' lang='lat' dir='ltr'>tep.</span> <span class='ocrx_word' id='word_1_232' title='bbox 1311 1842 1415 1873; x_wconf 84' lang='lat' dir='ltr'>Multi</span> <span class='ocrx_word' id='word_1_233' title='bbox 1429 1843 1532 1873; x_wconf 84' lang='lat' dir='ltr'>etiam</span> <span class='ocrx_word' id='word_1_234' title='bbox 1548 1852 1648 1883; x_wconf 70' lang='lat' dir='ltr'>quas-3.</span> 
     </span>
     <span class='ocr_line' id='line_1_28' title="bbox 187 1884 1649 1928; baseline -0.001 -11"><span class='ocrx_word' id='word_1_235' title='bbox 187 1887 380 1923; x_wconf 66' lang='lat' dir='ltr'>foca—318</span> <span class='ocrx_word' id='word_1_236' title='bbox 402 1888 505 1919; x_wconf 89' lang='lat' dir='ltr'>Multi</span> <span class='ocrx_word' id='word_1_237' title='bbox 533 1898 599 1928; x_wconf 77' lang='lat' dir='ltr'>quoe</span> <span class='ocrx_word' id='word_1_238' title='bbox 624 1887 769 1927; x_wconf 82' lang='lat' dir='ltr'>puniceas</span> <span class='ocrx_word' id='word_1_239' title='bbox 794 1890 980 1918; x_wconf 80' lang='lat' dir='ltr'>2·ers.—3l9</span> <span class='ocrx_word' id='word_1_240' title='bbox 1004 1886 1073 1917; x_wconf 81' lang='lat' dir='ltr'>Alii</span> <span class='ocrx_word' id='word_1_241' title='bbox 1101 1887 1261 1916; x_wconf 79' lang='lat' dir='ltr'>Praeterea</span> <span class='ocrx_word' id='word_1_242' title='bbox 1286 1884 1486 1923; x_wconf 55' lang='grc' dir='ltr'>νόθη-320</span> <span class='ocrx_word' id='word_1_243' title='bbox 1509 1885 1586 1915; x_wconf 87' lang='lat' dir='ltr'>Pet.</span> <span class='ocrx_word' id='word_1_244' title='bbox 1602 1888 1649 1916; x_wconf 77' lang='lat' dir='ltr'>est</span> 
     </span>
     <span class='ocr_line' id='line_1_29' title="bbox 197 1926 1649 1969; baseline -0.001 -11"><span class='ocrx_word' id='word_1_245' title='bbox 197 1930 405 1968; x_wconf 72' lang='lat' dir='ltr'>multo...joco.</span> <span class='ocrx_word' id='word_1_246' title='bbox 453 1931 498 1961; x_wconf 84' lang='lat' dir='ltr'>Et</span> <span class='ocrx_word' id='word_1_247' title='bbox 524 1930 692 1969; x_wconf 83' lang='lat' dir='ltr'>meliores,</span> <span class='ocrx_word' id='word_1_248' title='bbox 719 1934 808 1960; x_wconf 81' lang='lat' dir='ltr'>teste</span> <span class='ocrx_word' id='word_1_249' title='bbox 831 1929 952 1960; x_wconf 87' lang='lat' dir='ltr'>Heius.</span> <span class='ocrx_word' id='word_1_250' title='bbox 976 1928 1272 1969; x_wconf 74' lang='lat' dir='ltr'>parvajoci.-321</span> <span class='ocrx_word' id='word_1_251' title='bbox 1301 1928 1427 1958; x_wconf 85' lang='lat' dir='ltr'>Omnes</span> <span class='ocrx_word' id='word_1_252' title='bbox 1441 1926 1513 1957; x_wconf 76' lang='lat' dir='ltr'>fere</span> <span class='ocrx_word' id='word_1_253' title='bbox 1527 1926 1649 1966; x_wconf 88' lang='lat' dir='ltr'>scripti</span> 
     </span>
     <span class='ocr_line' id='line_1_30' title="bbox 196 1969 1648 2011; baseline -0.002 -10"><span class='ocrx_word' id='word_1_254' title='bbox 196 1975 230 2001; x_wconf 86' lang='lat' dir='ltr'>et</span> <span class='ocrx_word' id='word_1_255' title='bbox 248 1971 332 2002; x_wconf 84' lang='lat' dir='ltr'>editi</span> <span class='ocrx_word' id='word_1_256' title='bbox 360 1973 562 2011; x_wconf 82' lang='lat' dir='ltr'>Turrigeram</span> <span class='ocrx_word' id='word_1_257' title='bbox 580 1972 682 2010; x_wconf 79' lang='lat' dir='ltr'>front.</span> <span class='ocrx_word' id='word_1_258' title='bbox 708 1972 769 2002; x_wconf 90' lang='lat' dir='ltr'>Be.</span> <span class='ocrx_word' id='word_1_259' title='bbox 798 1971 1111 2009; x_wconf 67' lang='lat' dir='ltr'>Thurfferam.—322</span> <span class='ocrx_word' id='word_1_260' title='bbox 1135 1969 1202 2001; x_wconf 87' lang='lat' dir='ltr'>Alii</span> <span class='ocrx_word' id='word_1_261' title='bbox 1233 1971 1359 2007; x_wconf 75' lang='lat' dir='ltr'>Evocat,</span> <span class='ocrx_word' id='word_1_262' title='bbox 1375 1970 1438 2006; x_wconf 81' lang='lat' dir='ltr'>vel,</span> <span class='ocrx_word' id='word_1_263' title='bbox 1453 1974 1490 1999; x_wconf 84' lang='lat' dir='ltr'>ut</span> <span class='ocrx_word' id='word_1_264' title='bbox 1504 1970 1559 1999; x_wconf 89' lang='lat' dir='ltr'>Fr.</span> <span class='ocrx_word' id='word_1_265' title='bbox 1581 1969 1648 1999; x_wconf 72' lang='lat' dir='ltr'>Aa·</span> 
     </span>
     <span class='ocr_line' id='line_1_31' title="bbox 196 2011 1646 2053; baseline 0 -11"><span class='ocrx_word' id='word_1_266' title='bbox 196 2017 282 2044; x_wconf 78' lang='lat' dir='ltr'>vocat</span> <span class='ocrx_word' id='word_1_267' title='bbox 295 2017 511 2045; x_wconf 80' lang='lat' dir='ltr'>aetern.——324</span> <span class='ocrx_word' id='word_1_268' title='bbox 536 2015 606 2045; x_wconf 89' lang='lat' dir='ltr'>Pro</span> <span class='ocrx_word' id='word_1_269' title='bbox 621 2016 746 2044; x_wconf 82' lang='lat' dir='ltr'>vocarat</span> <span class='ocrx_word' id='word_1_270' title='bbox 763 2023 813 2053; x_wconf 86' lang='lat' dir='ltr'>pr.</span> <span class='ocrx_word' id='word_1_271' title='bbox 840 2013 882 2044; x_wconf 85' lang='lat' dir='ltr'>A.</span> <span class='ocrx_word' id='word_1_272' title='bbox 907 2018 943 2044; x_wconf 85' lang='lat' dir='ltr'>et</span> <span class='ocrx_word' id='word_1_273' title='bbox 968 2019 1044 2044; x_wconf 89' lang='lat' dir='ltr'>octo</span> <span class='ocrx_word' id='word_1_274' title='bbox 1074 2013 1131 2042; x_wconf 84' lang='lat' dir='ltr'>alii</span> <span class='ocrx_word' id='word_1_275' title='bbox 1158 2016 1301 2048; x_wconf 75' lang='lat' dir='ltr'>vocaret5</span> <span class='ocrx_word' id='word_1_276' title='bbox 1325 2016 1394 2041; x_wconf 88' lang='lat' dir='ltr'>tres</span> <span class='ocrx_word' id='word_1_277' title='bbox 1409 2011 1646 2042; x_wconf 54' lang='lat' dir='ltr'>vocavit—325</span> 
     </span>
     <span class='ocr_line' id='line_1_32' title="bbox 197 2053 1647 2087; baseline -0.001 -3"><span class='ocrx_word' id='word_1_278' title='bbox 197 2054 316 2085; x_wconf 85' lang='lat' dir='ltr'>Heius.</span> <span class='ocrx_word' id='word_1_279' title='bbox 334 2056 481 2086; x_wconf 86' lang='lat' dir='ltr'>malebat</span> <span class='ocrx_word' id='word_1_280' title='bbox 502 2057 566 2087; x_wconf 83' lang='lat' dir='ltr'>Nec</span> <span class='ocrx_word' id='word_1_281' title='bbox 581 2057 676 2086; x_wconf 79' lang='lat' dir='ltr'>libet.-</span> <span class='ocrx_word' id='word_1_282' title='bbox 701 2056 817 2086; x_wconf 89' lang='lat' dir='ltr'>Burm.</span> <span class='ocrx_word' id='word_1_283' title='bbox 846 2060 959 2086; x_wconf 80' lang='lat' dir='ltr'>autem</span> <span class='ocrx_word' id='word_1_284' title='bbox 987 2055 1066 2085; x_wconf 87' lang='lat' dir='ltr'>nihil</span> <span class='ocrx_word' id='word_1_285' title='bbox 1083 2055 1281 2085; x_wconf 84' lang='lat' dir='ltr'>mutandum</span> <span class='ocrx_word' id='word_1_286' title='bbox 1310 2055 1547 2084; x_wconf 60' lang='lat' dir='ltr'>censen—326</span> <span class='ocrx_word' id='word_1_287' title='bbox 1569 2053 1647 2084; x_wconf 92' lang='lat' dir='ltr'>Duo</span> 
     </span>
     <span class='ocr_line' id='line_1_33' title="bbox 197 2094 1649 2137; baseline 0.001 -11"><span class='ocrx_word' id='word_1_288' title='bbox 197 2096 275 2127; x_wconf 80' lang='lat' dir='ltr'>libri</span> <span class='ocrx_word' id='word_1_289' title='bbox 291 2097 565 2137; x_wconf 77' lang='lat' dir='ltr'>estpervigz&#39;lacta</span> <span class='ocrx_word' id='word_1_290' title='bbox 578 2107 654 2128; x_wconf 84' lang='lat' dir='ltr'>mer.</span> <span class='ocrx_word' id='word_1_291' title='bbox 678 2097 766 2128; x_wconf 89' lang='lat' dir='ltr'>Mor.</span> <span class='ocrx_word' id='word_1_292' title='bbox 792 2097 1060 2136; x_wconf 61' lang='lat' dir='ltr'>evigilata-327</span> <span class='ocrx_word' id='word_1_293' title='bbox 1085 2097 1136 2126; x_wconf 88' lang='lat' dir='ltr'>Ex</span> <span class='ocrx_word' id='word_1_294' title='bbox 1162 2095 1356 2126; x_wconf 87' lang='lat' dir='ltr'>melioribus</span> <span class='ocrx_word' id='word_1_295' title='bbox 1380 2094 1497 2125; x_wconf 82' lang='lat' dir='ltr'>Heius.</span> <span class='ocrx_word' id='word_1_296' title='bbox 1514 2095 1649 2136; x_wconf 85' lang='lat' dir='ltr'>recepit</span> 
     </span>
     <span class='ocr_line' id='line_1_34' title="bbox 198 2136 1647 2179; baseline 0 -11"><span class='ocrx_word' id='word_1_297' title='bbox 198 2137 247 2168; x_wconf 84' lang='lat' dir='ltr'>Hi</span> <span class='ocrx_word' id='word_1_298' title='bbox 275 2149 336 2179; x_wconf 85' lang='lat' dir='ltr'>pro</span> <span class='ocrx_word' id='word_1_299' title='bbox 366 2140 456 2179; x_wconf 87' lang='lat' dir='ltr'>vulg.</span> <span class='ocrx_word' id='word_1_300' title='bbox 484 2140 540 2170; x_wconf 84' lang='lat' dir='ltr'>Di.</span> <span class='ocrx_word' id='word_1_301' title='bbox 574 2140 657 2170; x_wconf 88' lang='lat' dir='ltr'>Mox</span> <span class='ocrx_word' id='word_1_302' title='bbox 684 2139 846 2178; x_wconf 81' lang='lat' dir='ltr'>Excerpt.</span> <span class='ocrx_word' id='word_1_303' title='bbox 872 2139 915 2168; x_wconf 88' lang='lat' dir='ltr'>D.</span> <span class='ocrx_word' id='word_1_304' title='bbox 947 2144 982 2169; x_wconf 85' lang='lat' dir='ltr'>et</span> <span class='ocrx_word' id='word_1_305' title='bbox 1012 2138 1146 2178; x_wconf 86' lang='lat' dir='ltr'>plurimi</span> <span class='ocrx_word' id='word_1_306' title='bbox 1173 2137 1291 2177; x_wconf 85' lang='lat' dir='ltr'>scripti</span> <span class='ocrx_word' id='word_1_307' title='bbox 1316 2147 1399 2176; x_wconf 84' lang='lat' dir='ltr'>opac.</span> <span class='ocrx_word' id='word_1_308' title='bbox 1425 2136 1549 2168; x_wconf 75' lang='lat' dir='ltr'>collibus</span> <span class='ocrx_word' id='word_1_309' title='bbox 1573 2138 1647 2169; x_wconf 94' lang='lat' dir='ltr'>I.—</span> 
     </span>
     <span class='ocr_line' id='line_1_35' title="bbox 198 2179 1648 2223; baseline 0.001 -13"><span class='ocrx_word' id='word_1_310' title='bbox 198 2182 260 2211; x_wconf 82' lang='lat'>328</span> <span class='ocrx_word' id='word_1_311' title='bbox 283 2181 325 2213; x_wconf 90' lang='lat' dir='ltr'>P.</span> <span class='ocrx_word' id='word_1_312' title='bbox 341 2182 440 2222; x_wconf 80' lang='lat' dir='ltr'>alter,</span> <span class='ocrx_word' id='word_1_313' title='bbox 456 2186 491 2213; x_wconf 85' lang='lat' dir='ltr'>et</span> <span class='ocrx_word' id='word_1_314' title='bbox 507 2182 654 2223; x_wconf 85' lang='lat' dir='ltr'>quinque</span> <span class='ocrx_word' id='word_1_315' title='bbox 681 2181 750 2221; x_wconf 86' lang='lat' dir='ltr'>alii,</span> <span class='ocrx_word' id='word_1_316' title='bbox 774 2191 849 2212; x_wconf 88' lang='lat' dir='ltr'>cum</span> <span class='ocrx_word' id='word_1_317' title='bbox 877 2180 965 2212; x_wconf 89' lang='lat' dir='ltr'>Edd.</span> <span class='ocrx_word' id='word_1_318' title='bbox 992 2180 1123 2221; x_wconf 81' lang='lat' dir='ltr'>Gryph.</span> <span class='ocrx_word' id='word_1_319' title='bbox 1141 2185 1176 2211; x_wconf 89' lang='lat' dir='ltr'>et</span> <span class='ocrx_word' id='word_1_320' title='bbox 1203 2179 1335 2220; x_wconf 89' lang='lat' dir='ltr'>Mycill.</span> <span class='ocrx_word' id='word_1_321' title='bbox 1349 2179 1474 2210; x_wconf 79' lang='lat' dir='ltr'>membr.</span> <span class='ocrx_word' id='word_1_322' title='bbox 1491 2180 1648 2212; x_wconf 77' lang='lat' dir='ltr'>levant.—</span> 
     </span>
    </p>
   </div>
   <div class='ocr_carea' id='block_1_6' title="bbox 195 2285 1648 2752">
    <p class='ocr_par' dir='ltr' id='par_1_6' title="bbox 198 2285 1306 2402">
     <span class='ocr_line' id='line_1_36' title="bbox 852 2285 994 2317; baseline -0.007 0"><span class='ocrx_word' id='word_1_323' title='bbox 852 2285 994 2317; x_wconf 82' lang='lat' dir='ltr'>NOTAE</span> 
     </span>
     <span class='ocr_line' id='line_1_37' title="bbox 198 2359 1306 2402; baseline 0.002 -11"><span class='ocrx_word' id='word_1_324' title='bbox 198 2359 297 2391; x_wconf 75' lang='lat' dir='ltr'>tibus.</span> <span class='ocrx_word' id='word_1_325' title='bbox 949 2360 1025 2392; x_wconf 82' lang='lat' dir='ltr'>bras</span> <span class='ocrx_word' id='word_1_326' title='bbox 1043 2366 1146 2402; x_wconf 84' lang='lat' dir='ltr'>atque</span> <span class='ocrx_word' id='word_1_327' title='bbox 1159 2370 1306 2402; x_wconf 73' lang='lat' dir='ltr'>asperas·</span> 
     </span>
    </p>

    <p class='ocr_par' dir='ltr' id='par_1_7' title="bbox 195 2409 1648 2652">
     <span class='ocr_line' id='line_1_38' title="bbox 239 2409 1645 2452; baseline 0.001 -12"><span class='ocrx_word' id='word_1_328' title='bbox 239 2413 302 2440; x_wconf 83' lang='grc'>316</span> <span class='ocrx_word' id='word_1_329' title='bbox 324 2409 507 2451; x_wconf 75' lang='lat' dir='ltr'>Strataque]</span> <span class='ocrx_word' id='word_1_330' title='bbox 547 2412 656 2443; x_wconf 86' lang='lat' dir='ltr'>Focus</span> <span class='ocrx_word' id='word_1_331' title='bbox 679 2414 806 2442; x_wconf 81' lang='lat' dir='ltr'>stratus</span> <span class='ocrx_word' id='word_1_332' title='bbox 821 2414 896 2442; x_wconf 84' lang='lat' dir='ltr'>erat</span> <span class='ocrx_word' id='word_1_333' title='bbox 991 2414 1054 2444; x_wconf 83' lang='lat'>319</span> <span class='ocrx_word' id='word_1_334' title='bbox 1069 2412 1278 2452; x_wconf 83' lang='lat' dir='ltr'>Praeteream]</span> <span class='ocrx_word' id='word_1_335' title='bbox 1294 2411 1570 2444; x_wconf 80' lang='lat' dir='ltr'>coronandorum</span> <span class='ocrx_word' id='word_1_336' title='bbox 1585 2412 1645 2442; x_wconf 87' lang='lat' dir='ltr'>asi-</span> 
     </span>
     <span class='ocr_line' id='line_1_39' title="bbox 195 2459 1611 2501; baseline 0.004 -12"><span class='ocrx_word' id='word_1_337' title='bbox 195 2459 352 2490; x_wconf 69' lang='lat' dir='ltr'>lateritiis</span> <span class='ocrx_word' id='word_1_338' title='bbox 368 2460 409 2489; x_wconf 85' lang='lat' dir='ltr'>ad</span> <span class='ocrx_word' id='word_1_339' title='bbox 426 2461 638 2501; x_wconf 82' lang='lat' dir='ltr'>coquendum</span> <span class='ocrx_word' id='word_1_340' title='bbox 658 2471 793 2501; x_wconf 84' lang='lat' dir='ltr'>panem.</span> <span class='ocrx_word' id='word_1_341' title='bbox 832 2460 893 2492; x_wconf 85' lang='lat' dir='ltr'>At·</span> <span class='ocrx_word' id='word_1_342' title='bbox 947 2471 1063 2493; x_wconf 87' lang='lat' dir='ltr'>norum</span> <span class='ocrx_word' id='word_1_343' title='bbox 1077 2472 1213 2493; x_wconf 84' lang='lat' dir='ltr'>causam</span> <span class='ocrx_word' id='word_1_344' title='bbox 1230 2466 1281 2493; x_wconf 83' lang='lat' dir='ltr'>est</span> <span class='ocrx_word' id='word_1_345' title='bbox 1298 2460 1490 2492; x_wconf 87' lang='lat' dir='ltr'>redditurus</span> <span class='ocrx_word' id='word_1_346' title='bbox 1507 2461 1611 2494; x_wconf 84' lang='lat' dir='ltr'>Naso.</span> 
     </span>
     <span class='ocr_line' id='line_1_40' title="bbox 197 2509 1648 2552; baseline 0.003 -13"><span class='ocrx_word' id='word_1_347' title='bbox 197 2517 260 2549; x_wconf 89' lang='lat' dir='ltr'>que</span> <span class='ocrx_word' id='word_1_348' title='bbox 276 2509 361 2540; x_wconf 86' lang='lat' dir='ltr'>adeo</span> <span class='ocrx_word' id='word_1_349' title='bbox 377 2510 459 2540; x_wconf 84' lang='lat' dir='ltr'>nihil</span> <span class='ocrx_word' id='word_1_350' title='bbox 472 2511 591 2540; x_wconf 87' lang='lat' dir='ltr'>mirum</span> <span class='ocrx_word' id='word_1_351' title='bbox 607 2511 732 2551; x_wconf 79' lang='lat' dir='ltr'>Vestae,</span> <span class='ocrx_word' id='word_1_352' title='bbox 745 2511 893 2543; x_wconf 87' lang='lat' dir='ltr'>focorum</span> <span class='ocrx_word' id='word_1_353' title='bbox 990 2516 1047 2544; x_wconf 79' lang='lat'>321</span> <span class='ocrx_word' id='word_1_354' title='bbox 1093 2512 1279 2552; x_wconf 78' lang='lat' dir='ltr'>Turrigero]</span> <span class='ocrx_word' id='word_1_355' title='bbox 1328 2511 1420 2542; x_wconf 82' lang='lat' dir='ltr'>Nota</span> <span class='ocrx_word' id='word_1_356' title='bbox 1455 2511 1530 2542; x_wconf 85' lang='lat' dir='ltr'>haec</span> <span class='ocrx_word' id='word_1_357' title='bbox 1567 2516 1648 2543; x_wconf 88' lang='lat' dir='ltr'>sunt</span> 
     </span>
     <span class='ocr_line' id='line_1_41' title="bbox 195 2558 1647 2602; baseline 0.003 -13"><span class='ocrx_word' id='word_1_358' title='bbox 195 2558 365 2599; x_wconf 85' lang='lat' dir='ltr'>Dominae,</span> <span class='ocrx_word' id='word_1_359' title='bbox 390 2560 532 2599; x_wconf 80' lang='lat' dir='ltr'>pistores</span> <span class='ocrx_word' id='word_1_360' title='bbox 551 2560 639 2601; x_wconf 90' lang='lat' dir='ltr'>quod</span> <span class='ocrx_word' id='word_1_361' title='bbox 653 2559 778 2591; x_wconf 86' lang='lat' dir='ltr'>festum</span> <span class='ocrx_word' id='word_1_362' title='bbox 805 2562 894 2594; x_wconf 82' lang='lat' dir='ltr'>cole·</span> <span class='ocrx_word' id='word_1_363' title='bbox 949 2563 1058 2594; x_wconf 83' lang='lat' dir='ltr'>omnia</span> <span class='ocrx_word' id='word_1_364' title='bbox 1096 2572 1138 2593; x_wconf 86' lang='lat' dir='ltr'>ex</span> <span class='ocrx_word' id='word_1_365' title='bbox 1177 2561 1462 2602; x_wconf 74' lang='lat' dir='ltr'>praecedentibus.</span> <span class='ocrx_word' id='word_1_366' title='bbox 1522 2561 1647 2593; x_wconf 81' lang='lat' dir='ltr'>Primis</span> 
     </span>
     <span class='ocr_line' id='line_1_42' title="bbox 197 2610 1647 2652; baseline 0.003 -13"><span class='ocrx_word' id='word_1_367' title='bbox 197 2613 287 2639; x_wconf 85' lang='lat' dir='ltr'>rent.</span> <span class='ocrx_word' id='word_1_368' title='bbox 949 2612 1088 2643; x_wconf 84' lang='lat' dir='ltr'>urbibus</span> <span class='ocrx_word' id='word_1_369' title='bbox 1103 2619 1212 2642; x_wconf 68' lang='lat' dir='ltr'>turres</span> <span class='ocrx_word' id='word_1_370' title='bbox 1230 2612 1307 2652; x_wconf 85' lang='lat' dir='ltr'>quia</span> <span class='ocrx_word' id='word_1_371' title='bbox 1323 2611 1502 2642; x_wconf 75' lang='lat' dir='ltr'>addiderat</span> <span class='ocrx_word' id='word_1_372' title='bbox 1517 2610 1647 2652; x_wconf 85' lang='lat' dir='ltr'>Cybele</span> 
     </span>
    </p>

    <p class='ocr_par' dir='ltr' id='par_1_8' title="bbox 197 2657 1647 2752">
     <span class='ocr_line' id='line_1_43' title="bbox 237 2657 1647 2698; baseline 0.001 -10"><span class='ocrx_word' id='word_1_373' title='bbox 237 2660 299 2688; x_wconf 86' lang='grc'>317</span> <span class='ocrx_word' id='word_1_374' title='bbox 323 2657 452 2698; x_wconf 81' lang='lat' dir='ltr'>Servat]</span> <span class='ocrx_word' id='word_1_375' title='bbox 479 2659 653 2691; x_wconf 84' lang='lat' dir='ltr'>Observat</span> <span class='ocrx_word' id='word_1_376' title='bbox 677 2663 714 2691; x_wconf 86' lang='lat' dir='ltr'>et</span> <span class='ocrx_word' id='word_1_377' title='bbox 738 2659 893 2692; x_wconf 84' lang='lat' dir='ltr'>celebrat</span> <span class='ocrx_word' id='word_1_378' title='bbox 948 2661 1072 2692; x_wconf 83' lang='lat' dir='ltr'>turrita</span> <span class='ocrx_word' id='word_1_379' title='bbox 1087 2661 1277 2691; x_wconf 84' lang='lat' dir='ltr'>exhibetur.</span> <span class='ocrx_word' id='word_1_380' title='bbox 1646 2685 1647 2689; x_wconf 73' lang='grc'>,</span> 
     </span>
     <span class='ocr_line' id='line_1_44' title="bbox 197 2706 1646 2752; baseline 0.004 -15"><span class='ocrx_word' id='word_1_381' title='bbox 197 2707 337 2738; x_wconf 62' lang='lat' dir='ltr'>Vestam</span> <span class='ocrx_word' id='word_1_382' title='bbox 354 2707 387 2738; x_wconf 89' lang='lat' dir='ltr'>in</span> <span class='ocrx_word' id='word_1_383' title='bbox 403 2706 490 2739; x_wconf 86' lang='lat' dir='ltr'>foco.</span> <span class='ocrx_word' id='word_1_384' title='bbox 988 2713 1048 2741; x_wconf 84' lang='lat'>327</span> <span class='ocrx_word' id='word_1_385' title='bbox 1077 2710 1156 2751; x_wconf 82' lang='lat' dir='ltr'>Idae]</span> <span class='ocrx_word' id='word_1_386' title='bbox 1183 2711 1321 2742; x_wconf 85' lang='lat' dir='ltr'>Festum</span> <span class='ocrx_word' id='word_1_387' title='bbox 1337 2708 1435 2750; x_wconf 85' lang='lat' dir='ltr'>fingit</span> <span class='ocrx_word' id='word_1_388' title='bbox 1450 2709 1484 2741; x_wconf 91' lang='lat' dir='ltr'>in</span> <span class='ocrx_word' id='word_1_389' title='bbox 1497 2709 1646 2752; x_wconf 82' lang='lat' dir='ltr'>Phrygia</span> 
     </span>
    </p>
   </div>
   <div class='ocr_carea' id='block_1_7' title="bbox 237 2757 1432 2802">
    <p class='ocr_par' dir='ltr' id='par_1_9' title="bbox 237 2757 1432 2802">
     <span class='ocr_line' id='line_1_45' title="bbox 237 2757 1432 2802; baseline 0.003 -14"><span class='ocrx_word' id='word_1_390' title='bbox 237 2759 300 2790; x_wconf 83' lang='lat'>318</span> <span class='ocrx_word' id='word_1_391' title='bbox 324 2757 500 2799; x_wconf 73' lang='lat' dir='ltr'>Pumiceas]</span> <span class='ocrx_word' id='word_1_392' title='bbox 535 2758 651 2792; x_wconf 85' lang='lat' dir='ltr'>Instar</span> <span class='ocrx_word' id='word_1_393' title='bbox 667 2759 808 2802; x_wconf 84' lang='lat' dir='ltr'>pumicis</span> <span class='ocrx_word' id='word_1_394' title='bbox 820 2770 892 2793; x_wconf 79' lang='lat' dir='ltr'>sca·</span> <span class='ocrx_word' id='word_1_395' title='bbox 945 2760 987 2792; x_wconf 83' lang='lat' dir='ltr'>ad</span> <span class='ocrx_word' id='word_1_396' title='bbox 1002 2760 1142 2801; x_wconf 83' lang='lat' dir='ltr'>Cybelae</span> <span class='ocrx_word' id='word_1_397' title='bbox 1158 2761 1302 2793; x_wconf 84' lang='lat' dir='ltr'>dilectos</span> <span class='ocrx_word' id='word_1_398' title='bbox 1318 2760 1432 2793; x_wconf 79' lang='lat' dir='ltr'>colles.</span> 
     </span>
    </p>
   </div>
  </div>
 </body>
</html>
