1773 3121
204 233 317 275 2170
686 246 727 275 P.
759 247 918 276 ovum
951 246 1165 278 NAsouis

206 337 501 391 Injiciuntque
521 350 692 389 manus,
713 352 976 394 puerumque
995 341 1198 382 revellere
1218 343 1421 394 pugnant.
1563 339 1649 381 515

264 404 389 454 Quos
409 406 579 456 ignorat
595 406 751 456 adhuc,
773 408 949 450 invocat
969 409 1047 448 illa
1069 409 1191 448 Deos
1212 421 1221 448 z

207 470 369 523 Dique,
392 471 588 524 Deaeque
607 472 711 521 loci,
733 474 901 515 miserae
925 475 1159 514 succurrite
1180 473 1318 514 matri.

263 536 439 578 Clamor
460 537 666 579 Aventini
688 553 801 581 saxa
821 542 1063 594 propinqua
1082 541 1191 581 ferit.

205 602 451 657 Appulerat
469 606 578 658 ripae
599 619 760 648 vaccas
782 607 960 648 OEtaeus
984 607 1149 647 Iberas.

260 669 412 720 Audit,
435 675 478 711 et
497 673 553 712 ad
574 685 724 713 vocem
746 674 948 714 concitus
967 676 1089 725 urget
1110 673 1203 713 iter.
1565 669 1650 712 520

205 736 413 777 Herculis
434 738 637 787 adventu,
658 751 756 790 quae
774 740 863 778 vim
885 740 1016 779 modo
1037 739 1149 779 ferre
1168 739 1394 792 parabant,

260 803 426 855 Turpia
445 803 662 843 foemineae
684 808 803 854 terga
823 803 978 842 dedere
999 804 1132 855 fugae.

207 867 326 918 Quid
347 868 460 921 petis
481 867 594 917 hinc,
623 867 860 921 (cognorat
880 868 1033 922 eni1n,)
1061 873 1291 910 matertera
1310 869 1513 912 Bacchi?

260 933 331 974 An
352 946 508 973 numen
530 934 649 986 quod
671 947 753 983 me,
781 939 824 975 te
846 948 1019 988 quoque
1039 939 1190 985 vexat,
1214 935 1307 975 ait?

205 1001 290 1042 Illa
311 1000 438 1040 docet
458 1001 613 1053 partim
633 1014 644 1050 ς
674 1002 833 1053 partim
855 1002 1089 1054 praesentia
1109 1003 1200 1042 nati
1568 1000 1652 1042 525

263 1066 492 1126 Continet:
524 1071 567 1107 et
586 1067 710 1108 furiis
733 1070 775 1108 in
798 1069 940 1109 scelus
962 1069 1049 1109 isse
1069 1068 1217 1122 pudet.

207 1133 371 1175 Rumor
399 1132 477 1187 (ut'¹
488 1138 554 1174 est
571 1133 726 1187 velox)
756 1136 929 1187 agitatis
951 1135 1147 1187 pervolat
1169 1135 1277 1176 alis:

263 1199 428 1253 Estque
448 1200 664 1252 frequens,
686 1200 780 1248 Ino,
802 1214 959 1241 nomen
981 1203 1024 1240 in
1046 1215 1121 1241 ore
1142 1206 1280 1243 tuum.

207 1266 410 1319 Hospita
430 1265 674 1306 Carmentis
696 1265 808 1306 fidos
830 1267 1018 1306 intrasse
1040 1269 1219 1319 penates

262 1333 449 1381 Diceris,
470 1336 510 1371 et
530 1332 704 1383 longam
727 1330 983 1384 deposuisse
1004 1332 1180 1372 famem.
1567 1331 1653 1373 530

204 1451 378 1482 immittunt
396 1459 514 1488 manus,
542 1453 572 1480 et
587 1453 706 1481 certant
721 1451 860 1492 abripere
875 1452 1104 1483 adolescentem.
1149 1450 1211 1481 IIIa
1236 1449 1379 1490 implorat
1401 1457 1486 1489 opem
1506 1448 1654 1489 Deorum,

205 1503 278 1533 quos
292 1493 389 1524 adhuc
404 1503 463 1522 non
477 1493 632 1530 cognoscit
644 1503 655 1529 ;
678 1493 804 1533 Diique‚
833 1495 953 1534 inquit,
977 1495 1094 1534 virique
1119 1493 1188 1531 loci,
1211 1492 1347 1532 praebete
1369 1491 1521 1522 auxilium
1534 1490 1655 1529 infelici

204 1536 311 1567 matri.
360 1535 427 1566 Vox
442 1535 576 1564 concutit
598 1544 689 1574 rupes
704 1535 822 1566 vicinas
842 1536 1002 1567 Aventini.
1050 1537 1172 1566 OEtaeus
1187 1536 1365 1565 admoverat
1379 1533 1529 1572 juvencas
1547 1534 1654 1564 Iberus

206 1579 319 1608 littori.
362 1577 487 1616 Accipit
515 1586 627 1614 rocem,
651 1581 681 1607 et
703 1582 869 1609 commotus
883 1579 1032 1609 accelerat
1045 1579 1163 1617 gradus
1179 1579 1217 1607 ad
1235 1586 1311 1607 eam.
1359 1576 1437 1611 Quoe
1461 1577 1548 1607 modo
1575 1576 1656 1606 ince-
1700 1589 1713 1601 ο

202 1623 315 1659 perant
338 1620 400 1649 vim
419 1619 526 1656 facere
550 1622 706 1649 ‘uerterunt
733 1623 821 1659 terga
837 1622 943 1661 turpia
960 1620 1217 1660 fugaefoemineoe
1232 1628 1351 1649 accessu
1367 1618 1524 1649 Herculis.
1571 1618 1656 1653 Quid

206 1662 277 1692 hinc
299 1662 392 1701 petis,
421 1664 589 1691 matertera
607 1661 750 1693 Bacchi?
772 1673 900 1703 namque
926 1666 1105 1701 agnoverat.
1150 1663 1202 1692 An
1228 1671 1337 1692 numen
1359 1661 1437 1700 quod
1458 1669 1505 1690 me
1520 1663 1654 1700 torquet,

205 1704 319 1744 inquit,
333 1707 424 1743 urget
440 1706 469 1734 te
481 1701 602 1734 etiam?
647 1704 708 1734 Illa
731 1704 828 1742 refert
851 1706 991 1745 partium
1013 1705 1131 1746 purtim
1147 1703 1390 1745 prcesentiafilz'z'
1403 1702 1518 1733 coercet
1529 1713 1541 1739 ‚·
1563 1705 1654 1742 atque

203 1748 301 1786 pudet
315 1746 471 1786 abreptam
481 1745 581 1783 fuisse
603 1747 636 1775 in
652 1745 778 1781 facinus
793 1747 904 1785 furiis.
950 1748 1060 1786 Fama,
1081 1750 1115 1777 ut
1138 1750 1182 1778 est
1209 1746 1296 1784 levis,
1317 1745 1456 1776 excurrit
1470 1745 1529 1786 alis
1543 1744 1654 1775 motis.-

206 1792 297 1829 atque
311 1798 419 1819 nomen
435 1792 533 1827 tuum,
550 1787 618 1828 Ino,
635 1792 680 1819 est
695 1789 833 1821 crebrum
854 1791 887 1820 in
902 1800 964 1822 ore.
1009 1790 1137 1821 Aduena
1152 1789 1262 1821 diceris
1275 1788 1402 1820 subiisse
1415 1787 1518 1829 fidam
1532 1787 1654 1818 domum

812 1873 1047 1885 eeeeeeeeeeee

207 1926 324 1967 scripti
351 1927 469 1967 Thynoi.
495 1927 607 1965 infusis
629 1927 663 1959 in
686 1937 762 1965 sua;
786 1928 841 1958 alii
868 1928 970 1960 etiam
1000 1928 1033 1959 in
1062 1930 1232 1958 sua—515
1270 1927 1427 1958 Revellere
1455 1925 1575 1957 Heius.
1604 1935 1656 1957 re-

207 1969 343 2009 scripsit
367 1979 407 1999 ex
436 1969 630 2000 melioribus
658 1979 719 2009 pro
743 1970 834 2010 vulg.
858 1972 997 2001 avellere.
1051 1969 1195 2000 Plurimi
1221 1969 1324 2000 etiam
1349 1971 1471 2000 tentant
1493 1978 1554 2009 pro
1575 1978 1655 2008 pug-

207 2014 397 2041 nant.—5l7
427 2012 477 2042 Ex
506 2012 593 2043 Maz.
621 2012 742 2042 Heius.
768 2012 864 2043 dedit
895 2013 1003 2052 Deoeq.
1043 2022 1119 2042 nam
1159 2011 1246 2050 vulg.
1283 2010 1495 2042 scribebatur
1519 2010 1654 2049 viriq.—

209 2054 272 2081 518
295 2052 373 2082 Pet.
394 2057 429 2082 et
452 2053 539 2084 Mor.
563 2054 708 2092 proxima
732 2064 810 2084 saxa
831 2057 1035 2085 tenet.—5l9
1059 2054 1136 2084 Pet.
1155 2053 1280 2084 OEtez'us
1304 2052 1411 2089 heros,-
1434 2052 1516 2082 alius
1542 2051 1654 2092 Tiryn-

207 2092 291 2123 thius
311 2093 515 2123 heros.-520
539 2095 593 2124 Fr.
610 2105 672 2125 voc.
696 2096 811 2125 certius
835 2099 1014 2134 urg·.—523
1038 2095 1107 2126 Pro
1126 2097 1274 2134 cognorat
1294 2094 1388 2124 Med.
1403 2096 1535 2131 agnorat
1546 2104 1559 2130 ;
1584 2098 1654 2124 tres

206 2136 460 2172 cognovit—525
486 2135 628 2165 Plurimi
652 2137 703 2167 Ill.
720 2138 801 2167 dolet
813 2140 1006 2176 part—527
1030 2137 1149 2167 Heins.
1172 2136 1267 2165 malit
1282 2135 1397 2173 agitat.
1417 2136 1555 2174 provolat
1569 2136 1654 2166 al.-

208 2179 270 2208 523
293 2177 346 2207 Fr.
366 2176 453 2216 freq.
478 2186 584 2207 nomen
610 2187 728 2218 semper
753 2178 786 2208 in
811 2181 964 2210 orn—529
986 2178 1027 2209 In
1047 2178 1136 2208 Laeti
1160 2177 1241 2208 Cod.
1259 2177 1552 2208 Carmentoe.-530
1575 2178 1654 2212 Pet.

862 2257 895 2287 N
904 2256 1006 2288 OTAE

249 2321 313 2349 516
336 2317 483 2358 Ignorat]
505 2318 693 2358 Peregrina
719 2319 782 2350 Ino
809 2320 904 2350 Deos
1002 2318 1192 2358 Matertera]
1225 2318 1385 2357 Omnino,
1402 2317 1566 2359 siquidem
1590 2319 1654 2350 Ino

208 2367 315 2398 Italos
331 2377 396 2397 non
413 2372 564 2398 noverat.
959 2379 1052 2400 soror
1067 2370 1217 2400 Semeles
1233 2369 1346 2399 matris
1363 2368 1500 2400 Bacchi.

251 2419 315 2447 519
350 2416 487 2455 OEtceus]
532 2417 713 2457 Hercules,
743 2418 798 2458 qui
829 2422 906 2458 post
1001 2422 1064 2449 524
1088 2419 1226 2458 Numen]
1249 2418 1352 2456 Juno,
1375 2418 1445 2449 scil.
1472 2428 1547 2459 quae
1571 2418 1656 2450 utri-

208 2465 280 2496 fata
300 2465 333 2495 iu
358 2466 437 2496 OEta
466 2466 652 2497 Thessalia:
675 2472 789 2498 monte
815 2478 905 2499 com-
959 2477 1035 2508 que,
1052 2468 1193 2498 Herculi
1209 2472 1310 2508 atque
1326 2466 1582 2506 Inoni,infesta.

207 2515 326 2546 bustns
343 2519 406 2544 est.
1000 2520 1060 2547 525
1086 2516 1181 2555 Nati]
1196 2517 1400 2553 Melicertae,
1417 2516 1450 2546 in
1467 2516 1562 2556 cujus
1577 2525 1656 2547 con-

250 2563 371 2603 Iberas]
391 2563 557 2603 Geryonis
575 2564 666 2594 Iberi
683 2575 740 2595 seu
759 2566 903 2605 Hispani
958 2571 1075 2606 spectu
1102 2567 1143 2596 de
1170 2564 1262 2595 furiis
1295 2565 1361 2596 suis
1387 2565 1526 2596 nolebat
1550 2565 1655 2596 verba

208 2622 331 2645 vaccas
361 2613 394 2642 in
424 2611 560 2643 Italiam
588 2614 696 2653 egisse
719 2615 904 2645 Herculem
960 2615 1084 2646 facere.

211 2662 334 2702 saepius
352 2661 505 2692 vidimus.
1003 2668 1064 2695 528
1089 2664 1260 2704 Frequens]
1282 2665 1362 2695 Inus
1386 2663 1478 2695 fama
1504 2673 1565 2704 per
1590 2665 1654 2696 La-

253 2714 315 2742 523
342 2711 426 2745 Quid
436 2710 533 2752 petis]
556 2711 671 2744 Verba
686 2716 764 2744 sunt
779 2712 909 2745 Hercu-
961 2714 1044 2746 tium
1062 2723 1188 2754 sparsa.

212 2760 254 2793 lis
270 2759 312 2793 acl
328 2760 480 2793 Inonem.
1004 2765 1066 2794 529
1089 2762 1239 2804 Hospita]
1261 2763 1317 2795 De
1332 2763 1438 2796 Inone
1454 2762 1611 2805 loquitur.
