1773 3121
239 216 358 261 2082
723 225 764 259 Ρ.
797 226 956 258 ovmn
987 199 1201 259 NAsoms

239 323 339 365 Nec
359 336 505 368 mora:
536 321 737 364 consedit
755 323 899 364 medio
918 322 1120 363 sublimis
1143 321 1347 375 Olympo,

297 390 458 440 Aurea,
480 403 698 444 purpureo
719 389 1028 442 conspicienda
1049 389 1159 429 sinu.

241 457 488 499 Consedere
512 457 643 497 simul
660 456 811 497 Pudor
826 459 869 496 et
890 456 1053 499 Metus.
1114 455 1253 496 Omne
1273 453 1444 497 videres

297 524 472 565 Numen
494 525 550 565 ad
570 525 680 565 hanc
702 522 855 565 cultus
869 523 1172 576 composuisse
1193 534 1312 563 suos.
1630 516 1688 558 30

237 590 446 633 Protinus
465 593 641 634 intravit
659 595 821 633 mentes
841 594 1075 644 suspectus
1094 590 1316 630 honorum.

298 658 370 699 Fit
385 661 568 713 pretium
588 660 732 712 dignis
749 673 759 710 ;
788 671 870 699 nec
893 659 978 698 sibi
999 658 1182 710 quisque
1202 656 1365 710 placet.

239 724 332 767 Hic
354 729 492 767 status
513 728 559 767 in
577 727 690 767 coelo
706 727 865 766 multos
886 725 1128 778 permansit
1145 725 1371 774 in'annos;

296 793 414 832 Dum
437 793 576 832 senior
596 793 697 832 fatis
719 792 886 831 excidit
907 804 1006 830 arce
1030 792 1171 831 Deus.

236 858 371 899 Terra
391 859 510 898 feros
532 862 698 910 partus,
720 856 927 896 immania
945 858 1151 904 monstra,
1174 856 1388 909 Gigantas
1633 849 1688 891 35

296 924 460 972 Edidit,
483 936 668 964 ausuros
690 924 735 962 in
753 922 883 963 Jovis
900 921 962 962 ire
983 921 1176 961 domum.

238 990 367 1031 Mille
389 1003 545 1030 manus
564 990 650 1030 illis
671 989 804 1039 dedit,
827 992 870 1029 et
891 1001 969 1041 pro
993 988 1189 1028 cruribus
1209 1000 1391 1040 angues:

293 1056 438 1111 Atque
460 1058 537 1106 ait,
561 1057 613 1096 In
633 1068 812 1109 magnos
834 1067 952 1095 arma
971 1057 1139 1094 movete
1160 1054 1298 1095 Deos.

236 1124 477 1165 Exstruere
499 1123 544 1163 hi
564 1126 732 1163 montes
756 1122 809 1162 ad
832 1121 976 1161 sidera
996 1133 1168 1161 summa
1186 1121 1419 1174 parabant,

291 1191 348 1232 Et
368 1203 572 1243 magnum
590 1189 708 1229 bello
730 1188 946 1229 solicitare
967 1186 995 1227 J
1000 1199 1141 1228 ovem.
1630 1184 1687 1226 40

235 1316 280 1346 Et
296 1315 405 1346 statim
419 1314 596 1355 magnifica,
608 1313 768 1352 splendida
780 1315 860 1343 veste
874 1321 1029 1351 purpurea
1043 1311 1124 1342 sedit
1136 1312 1254 1342 excelsa
1266 1311 1300 1342 in
1316 1311 1414 1342 medio
1427 1311 1508 1342 coelo.
1538 1311 1686 1342 Verecun-

235 1359 288 1388 ‹Iia
304 1361 334 1388 et
353 1357 459 1387 Metus
474 1366 535 1385 una
558 1356 767 1385 consederunt.
817 1355 964 1384 Cerneres
987 1354 1126 1391 singulos
1151 1354 1237 1384 Deos
1250 1354 1387 1394 finxisse
1412 1363 1483 1384 suos
1507 1353 1631 1383 habitus
1645 1354 1686 1383 acl

234 1401 321 1430 hanc.
370 1398 522 1427 Continuo
546 1397 645 1426 cultus
661 1399 690 1425 et
716 1395 882 1425 admiratio
909 1396 1056 1424 honorum
1080 1395 1174 1424 subiit
1196 1396 1322 1426 animos.
1364 1396 1466 1433 Digni
1489 1395 1637 1425 habentur
1652 1395 1686 1425 in

230 1441 344 1480 pretio,
359 1449 453 1478 neque
474 1438 598 1478 quisque
612 1437 672 1467 sibi
685 1437 817 1476 plaudit.
862 1436 927 1466 Hic
941 1439 1042 1466 status
1064 1436 1203 1474 perstitit
1230 1437 1262 1466 in
1285 1437 1357 1466 coelo
1382 1446 1437 1475 per
1452 1438 1563 1467 multos
1577 1446 1684 1476 annos,

233 1474 325 1512 «lorice
342 1482 429 1512 Deus
444 1481 546 1511 senior
561 1489 705 1510 excussus
720 1482 765 1509 est
781 1479 854 1508 coelo
862 1477 957 1515 fatis.
1005 1478 1107 1508 Tellus
1116 1478 1247 1517 protulit
1258 1479 1408 1509 crudelem
1418 1477 1546 1508 sobolem
1565 1478 1686 1517 Gigan-

236 1529 293 1561 tes,
318 1527 455 1553 monstra
480 1522 632 1561 ingentia,
656 1522 708 1560 qui
730 1530 790 1551 non
805 1523 976 1550 metuerent
1000 1523 1142 1560 appetere
1167 1522 1251 1550 sedes
1273 1520 1372 1551 Jovis.
1417 1520 1515 1550 Dedit
1530 1520 1592 1550 iltis
1605 1520 1687 1551 mille

233 1576 352 1605 monus,
369 1568 460 1604 atque
475 1567 627 1603 serpentes
649 1572 707 1602 pro
729 1562 859 1602 pedibus
871 1573 883 1599 ,·
905 1565 997 1602 atque
1019 1562 1133 1602 inquit,
1159 1562 1280 1593 Sumite
1294 1572 1379 1593 arma
1402 1563 1545 1593 adversus
1561 1571 1687 1600 magnos

234 1609 329 1639 Deos.
377 1607 424 1638 Hi
435 1608 633 1637 intenderant
649 1608 805 1636 exstruere
819 1607 934 1635 montes
948 1606 988 1634 ad
1013 1614 1154 1644 suprema
1177 1609 1273 1647 astra,
1295 1608 1324 1635 et
1348 1604 1518 1646 inquietare
1540 1613 1685 1643 magnum

843 1711 1078 1723 eeeeeeeeeeee

235 1777 380 1810 Quidam
409 1778 510 1808 etiam
538 1777 603 1808 His
628 1788 690 1818 pro
713 1778 799 1809 Hinc
814 1790 824 1809 .·
849 1781 884 1809 et
902 1779 964 1810 Be.
992 1780 1041 1809 M.
1067 1789 1126 1819 qua
1150 1781 1275 1809 vor—26
1299 1778 1377 1808 Pat.
1397 1777 1520 1817 Quoque
1536 1776 1683 1808 dia—2⁷

234 1820 365 1851 Arund.
380 1820 478 1851 Voss.
494 1824 529 1851 et
544 1825 688 1860 quatuor
704 1821 760 1850 alii
777 1831 850 1852 mor.
878 1821 1052 1852 conscendit
1076 1822 1240 1853 ωειλ-30
1264 1821 1314 1851 Ex
1330 1819 1444 1850 Ursini
1460 1819 1544 1850 eod.
1563 1818 1683 1851 Heius.

233 1862 366 1902 recepit
382 1863 479 1893 cultus
489 1872 550 1902 pro
566 1863 652 1902 vulg.
676 1864 872 1894 vultus.—32
896 1864 975 1894 Duo
998 1864 1039 1895 V.
1061 1863 1133 1894 Fert
1159 1865 1322 1903 p1·et.—35
1346 1862 1414 1892 Pro
1433 1860 1522 1899 feros
1545 1860 1683 1901 quidam

227 1904 346 1940 seroae;
369 1909 403 1935 et
420 1904 592 1941 aliiferax.
637 1905 720 1935 Mox
739 1905 899 1944 Gigantas
921 1911 972 1936 est
988 1915 1030 1936 ex
1050 1906 1163 1936 Ursin.
1180 1910 1214 1936 et
1231 1905 1319 1936 Laeti
1335 1904 1420 1936 Cod.
1437 1903 1493 1935 aiii
1519 1903 1683 1942 Gigantes.

236 1949 319 1976 —37
343 1947 384 1976 In
401 1947 587 1977 Scholiaste
612 1947 714 1978 Statii
740 1947 866 1987 legitur
891 1948 949 1978 Ille
970 1958 1050 1979 man.
1096 1947 1229 1978 Deinde
1245 1948 1326 1980 Juu.
1352 1956 1428 1977 cum
1451 1946 1597 1986 quinque
1611 1945 1683 1975 aliis

232 1997 287 2026 pro
305 1989 442 2019 crinibus
456 1992 615 2027 ang.—-3S
639 1989 757 2021 Heius.
786 1990 875 2030 conj.
900 1990 961 2030 Ite,
984 1991 1041 2022 ait.
1065 1990 1150 2021 Mox
1174 1990 1305 2020 Tliuan.
1332 1993 1367 2019 et
1394 1989 1472 2019 Pet.
1488 1997 1590 2026 magn.
1606 1987 1683 2018 bella

886 2100 1031 2131 NOTAE

236 2170 293 2210 qui
320 2180 363 2201 ex
391 2180 426 2202 se
456 2174 519 2212 est,
551 2181 751 2213 semperque
780 2182 865 2203 uuus
895 2177 931 2204 et
985 2173 1108 2204 deinde
1121 2173 1368 2205 necessitudine
1385 2174 1505 2205 aJove
1521 2173 1590 2205 filio
1608 2183 1681 2215 reg-

236 2221 339 2252 idem.
985 2233 1027 2254 no
1046 2225 1171 2264 pulsus.

278 2273 318 2301 27
343 2272 465 2313 Medio]
489 2272 538 2303 Ut
557 2273 678 2304 ceteris
701 2272 855 2303 omnibus
883 2282 930 2304 re·
1027 2276 1065 2303 35
1094 2274 1223 2315 Partus]
1239 2274 1406 2314 Gigantes
1421 2273 1522 2313 ipsos,
1536 2273 1606 2305 scil.
1623 2273 1681 2314 qui

236 2320 297 2351 bus
312 2321 487 2353 emineret.
984 2324 1154 2354 montibus
1167 2325 1346 2355 exstructis
1364 2324 1487 2354 bellum
1503 2323 1584 2364 ipsis
1598 2333 1679 2364 quo-

277 2373 319 2400 29
342 2371 448 2401 Pudor
463 2375 493 2402 et
509 2373 631 2412 Metus]
660 2372 857 2412 Majestatis
883 2372 931 2402 in-
985 2383 1050 2414 que
1064 2374 1139 2404 Diis
1153 2373 1280 2405 inferre
1298 2384 1363 2405 uon
1379 2378 1456 2404 sunt
1469 2373 1582 2405 veriti.

235 2419 363 2449 dividui
380 2422 532 2459 comites,
556 2423 613 2463 qui
632 2421 736 2452 omnis
752 2421 932 2462 turpitudi-
1027 2426 1067 2454 37
1091 2424 1182 2454 Mille
1199 2424 1318 2463 manus]
1350 2424 1516 2454 Numeros
1542 2423 1680 2454 Ovidia-

235 2468 286 2499 nis
314 2472 429 2499 notam
452 2472 569 2510 procul
591 2482 609 2501 a
636 2471 822 2511 Majestate
838 2481 932 2502 aver·
985 2483 1045 2504 nos
1060 2483 1126 2504 non
1142 2475 1184 2504 de
1201 2475 1301 2504 nihilo
1317 2473 1525 2504 desideravit
1542 2473 1593 2504 hic
1615 2475 1681 2505 cla-

237 2520 327 2548 tuut.
985 2523 1058 2554 riss⁵
1088 2524 1206 2554 Heius.
1262 2524 1418 2554 Ceterum
1445 2523 1535 2553 mille
1564 2533 1680 2555 manus

279 2570 314 2597 31
343 2566 520 2608 Suspectus]
551 2570 668 2601 Cultus
692 2574 727 2601 et
754 2570 930 2602 admiratio
987 2572 1074 2613 quod
1092 2572 1249 2609 refertur,
1273 2572 1313 2602 ad
1336 2573 1509 2602 Briareuni
1527 2572 1679 2614 aliosque

238 2615 439 2656 digniorum.
984 2622 1189 2653 centimanos
1207 2622 1380 2652 alluditur.

279 2668 320 2696 32
347 2667 410 2697 Nec
425 2667 499 2707 sibi]
523 2669 741 2709 Dignior-ibus
764 2670 853 2711 quod
878 2679 932 2701 eo-
1027 2674 1068 2701 39
1090 2671 1228 2711 Montes]
1252 2671 1384 2711 Pelion,
1407 2672 1541 2711 Ossam,
1560 2672 1678 2713 Olym-

233 2724 311 2746 rum
326 2720 379 2746 est
396 2716 528 2748 tribuit.
986 2729 1076 2761 pum,
1090 2721 1255 2762 quosjam
1272 2721 1373 2753 toties
1390 2720 1543 2753 vidimus.

278 2766 320 2797 34
343 2765 468 2808 Senior]
489 2767 666 2810 Saturnus,
687 2769 760 2801 scil.
785 2768 929 2801 fatorum
