<?xml version="1.0" encoding="UTF-8"?>
<!DOCTYPE html PUBLIC "-//W3C//DTD XHTML 1.0 Transitional//EN"
    "http://www.w3.org/TR/xhtml1/DTD/xhtml1-transitional.dtd">
<html xmlns="http://www.w3.org/1999/xhtml" xml:lang="en" lang="en">
 <head>
  <title>
</title>
<meta http-equiv="Content-Type" content="text/html;charset=utf-8" />
  <meta name='ocr-system' content='tesseract 3.04.00' />
  <meta name='ocr-capabilities' content='ocr_page ocr_carea ocr_par ocr_line ocrx_word'/>
</head>
<body>
  <div class='ocr_page' id='page_1' title='image "./operaomniaexedit04oviduoft_0072.png"; bbox 0 0 1773 3121; ppageno 0'>
   <div class='ocr_carea' id='block_1_1' title="bbox 258 214 1221 256">
    <p class='ocr_par' dir='ltr' id='par_1_1' title="bbox 258 214 1221 256">
     <span class='ocr_line' id='line_1_1' title="bbox 258 214 1221 256; baseline -0.004 0"><span class='ocrx_word' id='word_1_1' title='bbox 258 214 373 256; x_wconf 82' lang='lat'>1690</span> <span class='ocrx_word' id='word_1_2' title='bbox 744 223 786 252; x_wconf 82' lang='lat' dir='ltr'>P.</span> <span class='ocrx_word' id='word_1_3' title='bbox 818 221 975 251; x_wconf 82' lang='lat' dir='ltr'>ovmn</span> <span class='ocrx_word' id='word_1_4' title='bbox 1010 220 1221 252; x_wconf 69' lang='lat' dir='ltr'>NAsouis</span> 
     </span>
    </p>
   </div>
   <div class='ocr_carea' id='block_1_2' title="bbox 258 316 1716 1305">
    <p class='ocr_par' dir='ltr' id='par_1_2' title="bbox 261 316 1504 370">
     <span class='ocr_line' id='line_1_2' title="bbox 261 316 1504 370; baseline -0.003 -10"><span class='ocrx_word' id='word_1_5' title='bbox 261 318 465 360; x_wconf 83' lang='lat' dir='ltr'>Membra</span> <span class='ocrx_word' id='word_1_6' title='bbox 485 316 570 366; x_wconf 89' lang='lat' dir='ltr'>sui,</span> <span class='ocrx_word' id='word_1_7' title='bbox 591 318 830 370; x_wconf 81' lang='lat' dir='ltr'>postquam</span> <span class='ocrx_word' id='word_1_8' title='bbox 850 317 1103 358; x_wconf 87' lang='lat' dir='ltr'>miserorum</span> <span class='ocrx_word' id='word_1_9' title='bbox 1125 317 1262 358; x_wconf 81' lang='lat' dir='ltr'>verba</span> <span class='ocrx_word' id='word_1_10' title='bbox 1278 318 1504 370; x_wconf 83' lang='lat' dir='ltr'>parentum</span> 
     </span>
    </p>

    <p class='ocr_par' dir='ltr' id='par_1_3' title="bbox 261 383 1709 505">
     <span class='ocr_line' id='line_1_3' title="bbox 261 383 1709 436; baseline -0.001 -10"><span class='ocrx_word' id='word_1_11' title='bbox 261 385 429 435; x_wconf 86' lang='lat' dir='ltr'><strong>Edidit,</strong></span> <span class='ocrx_word' id='word_1_12' title='bbox 450 388 493 425; x_wconf 91' lang='lat' dir='ltr'>et</span> <span class='ocrx_word' id='word_1_13' title='bbox 510 387 691 424; x_wconf 79' lang='lat' dir='ltr'>matrum</span> <span class='ocrx_word' id='word_1_14' title='bbox 712 384 970 423; x_wconf 86' lang='lat' dir='ltr'>miserarum</span> <span class='ocrx_word' id='word_1_15' title='bbox 988 383 1108 424; x_wconf 84' lang='lat' dir='ltr'>facta</span> <span class='ocrx_word' id='word_1_16' title='bbox 1128 384 1321 436; x_wconf 80' lang='lat' dir='ltr'>peregit3</span> <span class='ocrx_word' id='word_1_17' title='bbox 1624 383 1709 424; x_wconf 80' lang='lat'>745</span> 
     </span>
     <span class='ocr_line' id='line_1_4' title="bbox 261 450 1412 505; baseline -0.002 -11"><span class='ocrx_word' id='word_1_18' title='bbox 261 452 438 494; x_wconf 85' lang='lat' dir='ltr'>Funera</span> <span class='ocrx_word' id='word_1_19' title='bbox 458 450 646 491; x_wconf 88' lang='lat' dir='ltr'>ducebat</span> <span class='ocrx_word' id='word_1_20' title='bbox 664 450 852 491; x_wconf 89' lang='lat' dir='ltr'>mediam</span> <span class='ocrx_word' id='word_1_21' title='bbox 870 451 1120 505; x_wconf 86' lang='lat' dir='ltr'>lacrymosa</span> <span class='ocrx_word' id='word_1_22' title='bbox 1138 464 1214 504; x_wconf 90' lang='lat' dir='ltr'>per</span> <span class='ocrx_word' id='word_1_23' title='bbox 1234 451 1384 492; x_wconf 88' lang='lat' dir='ltr'>urbem</span> <span class='ocrx_word' id='word_1_24' title='bbox 1400 464 1412 503; x_wconf 90' lang='lat'>;</span> 
     </span>
    </p>

    <p class='ocr_par' dir='ltr' id='par_1_4' title="bbox 262 518 1315 572">
     <span class='ocr_line' id='line_1_5' title="bbox 262 518 1315 572; baseline -0.002 -11"><span class='ocrx_word' id='word_1_25' title='bbox 262 520 513 572; x_wconf 88' lang='lat' dir='ltr'>Luridaque</span> <span class='ocrx_word' id='word_1_26' title='bbox 535 530 688 558; x_wconf 87' lang='lat' dir='ltr'>arsuro</span> <span class='ocrx_word' id='word_1_27' title='bbox 710 519 917 571; x_wconf 89' lang='lat' dir='ltr'>portabat</span> <span class='ocrx_word' id='word_1_28' title='bbox 935 519 1130 559; x_wconf 87' lang='lat' dir='ltr'>membra</span> <span class='ocrx_word' id='word_1_29' title='bbox 1149 518 1315 559; x_wconf 80' lang='lat' dir='ltr'>feretro,</span> 
     </span>
    </p>

    <p class='ocr_par' dir='ltr' id='par_1_5' title="bbox 262 584 1264 637">
     <span class='ocr_line' id='line_1_6' title="bbox 262 584 1264 637; baseline -0.003 -10"><span class='ocrx_word' id='word_1_30' title='bbox 262 586 392 626; x_wconf 82' lang='lat' dir='ltr'><strong>Forte</strong></span> <span class='ocrx_word' id='word_1_31' title='bbox 412 585 498 626; x_wconf 86' lang='lat' dir='ltr'>viae</span> <span class='ocrx_word' id='word_1_32' title='bbox 519 584 666 625; x_wconf 89' lang='lat' dir='ltr'>vicina</span> <span class='ocrx_word' id='word_1_33' title='bbox 686 585 859 634; x_wconf 90' lang='lat' dir='ltr'>domus,</span> <span class='ocrx_word' id='word_1_34' title='bbox 883 597 970 637; x_wconf 88' lang='lat' dir='ltr'>qua</span> <span class='ocrx_word' id='word_1_35' title='bbox 990 584 1148 624; x_wconf 85' lang='lat' dir='ltr'>flebilis</span> <span class='ocrx_word' id='word_1_36' title='bbox 1170 584 1264 624; x_wconf 85' lang='lat' dir='ltr'>ibat</span> 
     </span>
    </p>

    <p class='ocr_par' dir='ltr' id='par_1_6' title="bbox 260 651 1440 706">
     <span class='ocr_line' id='line_1_7' title="bbox 260 651 1440 706; baseline -0.003 -12"><span class='ocrx_word' id='word_1_37' title='bbox 260 652 448 706; x_wconf 88' lang='lat' dir='ltr'>Pompa,</span> <span class='ocrx_word' id='word_1_38' title='bbox 469 651 552 692; x_wconf 89' lang='lat' dir='ltr'>suit</span> <span class='ocrx_word' id='word_1_39' title='bbox 569 665 578 691; x_wconf 92' lang='lat'>:</span> <span class='ocrx_word' id='word_1_40' title='bbox 610 651 820 705; x_wconf 88' lang='lat' dir='ltr'>duraeque</span> <span class='ocrx_word' id='word_1_41' title='bbox 841 664 973 692; x_wconf 91' lang='lat' dir='ltr'>sonus</span> <span class='ocrx_word' id='word_1_42' title='bbox 992 652 1216 705; x_wconf 82' lang='lat' dir='ltr'>plangoris</span> <span class='ocrx_word' id='word_1_43' title='bbox 1237 651 1293 691; x_wconf 90' lang='lat' dir='ltr'>ad</span> <span class='ocrx_word' id='word_1_44' title='bbox 1314 663 1440 691; x_wconf 86' lang='lat' dir='ltr'>aures</span> 
     </span>
    </p>

    <p class='ocr_par' dir='ltr' id='par_1_7' title="bbox 263 718 1712 836">
     <span class='ocr_line' id='line_1_8' title="bbox 266 718 1712 772; baseline -0.001 -12"><span class='ocrx_word' id='word_1_45' title='bbox 266 719 397 760; x_wconf 82' lang='lat' dir='ltr'>Venit</span> <span class='ocrx_word' id='word_1_46' title='bbox 414 718 716 760; x_wconf 82' lang='lat' dir='ltr'><strong>Anaxaretes:</strong></span> <span class='ocrx_word' id='word_1_47' title='bbox 750 732 879 772; x_wconf 85' lang='lat' dir='ltr'>quam</span> <span class='ocrx_word' id='word_1_48' title='bbox 897 719 990 772; x_wconf 88' lang='lat' dir='ltr'>jam</span> <span class='ocrx_word' id='word_1_49' title='bbox 1016 719 1133 759; x_wconf 88' lang='lat' dir='ltr'>Deus</span> <span class='ocrx_word' id='word_1_50' title='bbox 1155 719 1271 759; x_wconf 82' lang='lat' dir='ltr'>ultor</span> <span class='ocrx_word' id='word_1_51' title='bbox 1292 718 1464 770; x_wconf 87' lang='lat' dir='ltr'>agebat.</span> <span class='ocrx_word' id='word_1_52' title='bbox 1625 718 1712 759; x_wconf 81' lang='lat'>750</span> 
     </span>
     <span class='ocr_line' id='line_1_9' title="bbox 263 784 1392 836; baseline -0.002 -9"><span class='ocrx_word' id='word_1_53' title='bbox 263 786 389 828; x_wconf 89' lang='lat' dir='ltr'>Mota</span> <span class='ocrx_word' id='word_1_54' title='bbox 406 789 564 836; x_wconf 87' lang='lat' dir='ltr'>tamen,</span> <span class='ocrx_word' id='word_1_55' title='bbox 584 786 844 835; x_wconf 82' lang='lat' dir='ltr'>Videamus,</span> <span class='ocrx_word' id='word_1_56' title='bbox 870 786 948 835; x_wconf 84' lang='lat' dir='ltr'>ait,</span> <span class='ocrx_word' id='word_1_57' title='bbox 968 785 1215 826; x_wconf 80' lang='lat' dir='ltr'>miserabile</span> <span class='ocrx_word' id='word_1_58' title='bbox 1236 784 1364 826; x_wconf 88' lang='lat' dir='ltr'>funus</span> <span class='ocrx_word' id='word_1_59' title='bbox 1381 797 1392 825; x_wconf 77' lang='lat' dir='ltr'>t</span> 
     </span>
    </p>

    <p class='ocr_par' dir='ltr' id='par_1_8' title="bbox 260 851 1230 905">
     <span class='ocr_line' id='line_1_10' title="bbox 260 851 1230 905; baseline -0.002 -13"><span class='ocrx_word' id='word_1_60' title='bbox 260 852 318 892; x_wconf 87' lang='lat' dir='ltr'>Et</span> <span class='ocrx_word' id='word_1_61' title='bbox 335 851 499 905; x_wconf 88' lang='lat' dir='ltr'>patulis</span> <span class='ocrx_word' id='word_1_62' title='bbox 519 851 615 891; x_wconf 89' lang='lat' dir='ltr'>iniit</span> <span class='ocrx_word' id='word_1_63' title='bbox 632 854 793 891; x_wconf 89' lang='lat' dir='ltr'>tectum</span> <span class='ocrx_word' id='word_1_64' title='bbox 814 851 998 890; x_wconf 88' lang='lat' dir='ltr'>sublime</span> <span class='ocrx_word' id='word_1_65' title='bbox 1017 851 1230 891; x_wconf 82' lang='lat' dir='ltr'><strong>fenestris.</strong></span> 
     </span>
    </p>

    <p class='ocr_par' dir='ltr' id='par_1_9' title="bbox 258 916 1414 970">
     <span class='ocr_line' id='line_1_11' title="bbox 258 916 1414 970; baseline -0.003 -11"><span class='ocrx_word' id='word_1_66' title='bbox 258 918 357 959; x_wconf 79' lang='lat' dir='ltr'>Vix</span> <span class='ocrx_word' id='word_1_67' title='bbox 376 919 487 958; x_wconf 89' lang='lat' dir='ltr'>bene</span> <span class='ocrx_word' id='word_1_68' title='bbox 509 918 798 970; x_wconf 91' lang='lat' dir='ltr'>compositum</span> <span class='ocrx_word' id='word_1_69' title='bbox 817 918 930 957; x_wconf 91' lang='lat' dir='ltr'>lecto</span> <span class='ocrx_word' id='word_1_70' title='bbox 949 920 1239 970; x_wconf 79' lang='lat' dir='ltr'>prospexerat</span> <span class='ocrx_word' id='word_1_71' title='bbox 1259 916 1386 969; x_wconf 90' lang='lat' dir='ltr'><strong>Iphin</strong></span> <span class='ocrx_word' id='word_1_72' title='bbox 1403 929 1414 967; x_wconf 91' lang='grc'><strong>;</strong></span> 
     </span>
    </p>

    <p class='ocr_par' dir='ltr' id='par_1_10' title="bbox 262 982 1385 1036">
     <span class='ocr_line' id='line_1_12' title="bbox 262 982 1385 1036; baseline -0.002 -12"><span class='ocrx_word' id='word_1_73' title='bbox 262 983 502 1036; x_wconf 80' lang='lat' dir='ltr'>Deriguere</span> <span class='ocrx_word' id='word_1_74' title='bbox 523 983 656 1033; x_wconf 92' lang='lat' dir='ltr'>oculi,</span> <span class='ocrx_word' id='word_1_75' title='bbox 677 982 939 1035; x_wconf 82' lang='lat' dir='ltr'>calidusque</span> <span class='ocrx_word' id='word_1_76' title='bbox 962 996 986 1023; x_wconf 90' lang='lat' dir='ltr'>e</span> <span class='ocrx_word' id='word_1_77' title='bbox 1008 996 1189 1035; x_wconf 87' lang='lat' dir='ltr'>corpore</span> <span class='ocrx_word' id='word_1_78' title='bbox 1210 983 1385 1035; x_wconf 86' lang='lat' dir='ltr'>sanguis</span> 
     </span>
    </p>

    <p class='ocr_par' dir='ltr' id='par_1_11' title="bbox 262 1047 1716 1170">
     <span class='ocr_line' id='line_1_13' title="bbox 262 1047 1716 1104; baseline -0.001 -14"><span class='ocrx_word' id='word_1_79' title='bbox 262 1050 451 1092; x_wconf 87' lang='lat' dir='ltr'>Inducto</span> <span class='ocrx_word' id='word_1_80' title='bbox 473 1050 642 1104; x_wconf 88' lang='lat' dir='ltr'>pallore</span> <span class='ocrx_word' id='word_1_81' title='bbox 663 1050 792 1102; x_wconf 82' lang='lat' dir='ltr'>fugit:</span> <span class='ocrx_word' id='word_1_82' title='bbox 824 1054 1070 1103; x_wconf 81' lang='lat' dir='ltr'>conataque</span> <span class='ocrx_word' id='word_1_83' title='bbox 1091 1054 1206 1091; x_wconf 87' lang='lat' dir='ltr'>retro</span> <span class='ocrx_word' id='word_1_84' title='bbox 1629 1047 1716 1089; x_wconf 73' lang='lat'>700</span> 
     </span>
     <span class='ocr_line' id='line_1_14' title="bbox 263 1117 1323 1170; baseline -0.001 -13"><span class='ocrx_word' id='word_1_85' title='bbox 263 1117 392 1157; x_wconf 88' lang='lat' dir='ltr'>Ferre</span> <span class='ocrx_word' id='word_1_86' title='bbox 413 1117 563 1170; x_wconf 89' lang='lat' dir='ltr'>pedes,</span> <span class='ocrx_word' id='word_1_87' title='bbox 584 1117 741 1156; x_wconf 82' lang='lat' dir='ltr'>haesit:</span> <span class='ocrx_word' id='word_1_88' title='bbox 772 1121 929 1157; x_wconf 79' lang='lat' dir='ltr'>conata</span> <span class='ocrx_word' id='word_1_89' title='bbox 947 1121 1140 1157; x_wconf 88' lang='lat' dir='ltr'>avertere</span> <span class='ocrx_word' id='word_1_90' title='bbox 1160 1117 1323 1166; x_wconf 90' lang='lat' dir='ltr'>vultus,</span> 
     </span>
    </p>

    <p class='ocr_par' dir='ltr' id='par_1_12' title="bbox 261 1183 1548 1236">
     <span class='ocr_line' id='line_1_15' title="bbox 261 1183 1548 1236; baseline 0 -13"><span class='ocrx_word' id='word_1_91' title='bbox 261 1183 370 1224; x_wconf 89' lang='lat' dir='ltr'>Hoc</span> <span class='ocrx_word' id='word_1_92' title='bbox 387 1196 557 1236; x_wconf 89' lang='lat' dir='ltr'>quoque</span> <span class='ocrx_word' id='word_1_93' title='bbox 577 1196 666 1223; x_wconf 88' lang='lat' dir='ltr'>non</span> <span class='ocrx_word' id='word_1_94' title='bbox 685 1183 854 1236; x_wconf 87' lang='lat' dir='ltr'>potuit:</span> <span class='ocrx_word' id='word_1_95' title='bbox 885 1184 1185 1236; x_wconf 85' lang='lat' dir='ltr'>paulatimque</span> <span class='ocrx_word' id='word_1_96' title='bbox 1206 1186 1399 1236; x_wconf 87' lang='lat' dir='ltr'>occupat</span> <span class='ocrx_word' id='word_1_97' title='bbox 1415 1186 1548 1232; x_wconf 84' lang='lat' dir='ltr'>artus,</span> 
     </span>
    </p>

    <p class='ocr_par' dir='ltr' id='par_1_13' title="bbox 264 1248 1373 1305">
     <span class='ocr_line' id='line_1_16' title="bbox 264 1248 1373 1305; baseline 0 -15"><span class='ocrx_word' id='word_1_98' title='bbox 264 1248 397 1300; x_wconf 85' lang='lat' dir='ltr'>Quod</span> <span class='ocrx_word' id='word_1_99' title='bbox 417 1250 500 1290; x_wconf 91' lang='lat' dir='ltr'>suit</span> <span class='ocrx_word' id='word_1_100' title='bbox 521 1250 565 1290; x_wconf 92' lang='lat' dir='ltr'>in</span> <span class='ocrx_word' id='word_1_101' title='bbox 585 1250 691 1291; x_wconf 90' lang='lat' dir='ltr'>duro</span> <span class='ocrx_word' id='word_1_102' title='bbox 706 1250 970 1305; x_wconf 87' lang='lat' dir='ltr'>jampridem</span> <span class='ocrx_word' id='word_1_103' title='bbox 989 1254 1180 1304; x_wconf 75' lang='lat' dir='ltr'>pectore,</span> <span class='ocrx_word' id='word_1_104' title='bbox 1204 1262 1373 1290; x_wconf 83' lang='lat' dir='ltr'>saxum.</span> 
     </span>
    </p>
   </div>
   <div class='ocr_carea' id='block_1_3' title="bbox 260 1373 1719 1753">
    <p class='ocr_par' dir='ltr' id='par_1_14' title="bbox 260 1373 1719 1753">
     <span class='ocr_line' id='line_1_17' title="bbox 260 1373 1716 1416; baseline 0 -11"><span class='ocrx_word' id='word_1_105' title='bbox 260 1374 381 1413; x_wconf 79' lang='lat' dir='ltr'>gelidos</span> <span class='ocrx_word' id='word_1_106' title='bbox 394 1375 441 1405; x_wconf 80' lang='lat' dir='ltr'>sui</span> <span class='ocrx_word' id='word_1_107' title='bbox 452 1375 532 1416; x_wconf 71' lang='lat' dir='ltr'>filii,</span> <span class='ocrx_word' id='word_1_108' title='bbox 545 1378 705 1416; x_wconf 80' lang='lat' dir='ltr'>postquam</span> <span class='ocrx_word' id='word_1_109' title='bbox 718 1376 851 1416; x_wconf 78' lang='lat' dir='ltr'>protulit</span> <span class='ocrx_word' id='word_1_110' title='bbox 866 1386 951 1407; x_wconf 79' lang='lat' dir='ltr'>voces</span> <span class='ocrx_word' id='word_1_111' title='bbox 966 1379 1097 1406; x_wconf 83' lang='lat' dir='ltr'>matrum</span> <span class='ocrx_word' id='word_1_112' title='bbox 1113 1375 1300 1413; x_wconf 77' lang='lat' dir='ltr'>infelicium,</span> <span class='ocrx_word' id='word_1_113' title='bbox 1314 1377 1345 1405; x_wconf 86' lang='lat' dir='ltr'>et</span> <span class='ocrx_word' id='word_1_114' title='bbox 1361 1375 1488 1406; x_wconf 82' lang='lat' dir='ltr'>absolvit</span> <span class='ocrx_word' id='word_1_115' title='bbox 1502 1373 1595 1412; x_wconf 87' lang='lat' dir='ltr'>sacta</span> <span class='ocrx_word' id='word_1_116' title='bbox 1605 1383 1716 1414; x_wconf 83' lang='lat' dir='ltr'>paren-</span> 
     </span>
     <span class='ocr_line' id='line_1_18' title="bbox 262 1416 1718 1460; baseline 0 -13"><span class='ocrx_word' id='word_1_117' title='bbox 262 1420 328 1448; x_wconf 79' lang='lat' dir='ltr'>tum</span> <span class='ocrx_word' id='word_1_118' title='bbox 344 1417 527 1456; x_wconf 78' lang='lat' dir='ltr'>infelicium,</span> <span class='ocrx_word' id='word_1_119' title='bbox 540 1418 672 1458; x_wconf 74' lang='lat' dir='ltr'>praeibat</span> <span class='ocrx_word' id='word_1_120' title='bbox 689 1419 830 1458; x_wconf 74' lang='lat' dir='ltr'>exequiis</span> <span class='ocrx_word' id='word_1_121' title='bbox 848 1419 1008 1460; x_wconf 78' lang='lat' dir='ltr'>flebilibus</span> <span class='ocrx_word' id='word_1_122' title='bbox 1021 1429 1076 1457; x_wconf 76' lang='lat' dir='ltr'>per</span> <span class='ocrx_word' id='word_1_123' title='bbox 1091 1419 1223 1448; x_wconf 82' lang='lat' dir='ltr'>mediam</span> <span class='ocrx_word' id='word_1_124' title='bbox 1239 1418 1352 1452; x_wconf 79' lang='lat' dir='ltr'>urbem,</span> <span class='ocrx_word' id='word_1_125' title='bbox 1369 1421 1461 1457; x_wconf 75' lang='lat' dir='ltr'>alque</span> <span class='ocrx_word' id='word_1_126' title='bbox 1479 1416 1605 1455; x_wconf 87' lang='lat' dir='ltr'>ferebat</span> <span class='ocrx_word' id='word_1_127' title='bbox 1628 1419 1718 1447; x_wconf 78' lang='lat' dir='ltr'>artus</span> 
     </span>
     <span class='ocr_line' id='line_1_19' title="bbox 261 1459 1716 1501; baseline 0 -12"><span class='ocrx_word' id='word_1_128' title='bbox 261 1460 406 1490; x_wconf 70' lang='lat' dir='ltr'>caeruleos</span> <span class='ocrx_word' id='word_1_129' title='bbox 421 1461 498 1491; x_wconf 84' lang='lat' dir='ltr'>lecto</span> <span class='ocrx_word' id='word_1_130' title='bbox 504 1461 695 1501; x_wconf 78' lang='lat' dir='ltr'>flagraturo.</span> <span class='ocrx_word' id='word_1_131' title='bbox 741 1462 838 1492; x_wconf 87' lang='lat' dir='ltr'>Forte</span> <span class='ocrx_word' id='word_1_132' title='bbox 854 1463 958 1492; x_wconf 78' lang='lat' dir='ltr'>donnes</span> <span class='ocrx_word' id='word_1_133' title='bbox 976 1461 1044 1499; x_wconf 78' lang='lat' dir='ltr'>suit</span> <span class='ocrx_word' id='word_1_134' title='bbox 1057 1461 1202 1501; x_wconf 67' lang='lat' dir='ltr'>prarima</span> <span class='ocrx_word' id='word_1_135' title='bbox 1229 1461 1293 1490; x_wconf 73' lang='lat' dir='ltr'>vico</span> <span class='ocrx_word' id='word_1_136' title='bbox 1315 1470 1374 1499; x_wconf 84' lang='lat' dir='ltr'>qna</span> <span class='ocrx_word' id='word_1_137' title='bbox 1389 1470 1499 1500; x_wconf 80' lang='lat' dir='ltr'>pompa</span> <span class='ocrx_word' id='word_1_138' title='bbox 1513 1459 1692 1499; x_wconf 82' lang='lat' dir='ltr'>procedebat</span> <span class='ocrx_word' id='word_1_139' title='bbox 1704 1469 1716 1495; x_wconf 89' lang='lat'>,·</span> 
     </span>
     <span class='ocr_line' id='line_1_20' title="bbox 262 1501 1717 1543; baseline 0.001 -12"><span class='ocrx_word' id='word_1_140' title='bbox 262 1505 355 1540; x_wconf 82' lang='lat' dir='ltr'>atque</span> <span class='ocrx_word' id='word_1_141' title='bbox 369 1502 488 1533; x_wconf 79' lang='lat' dir='ltr'>sonitus</span> <span class='ocrx_word' id='word_1_142' title='bbox 499 1505 640 1542; x_wconf 82' lang='lat' dir='ltr'>planctus</span> <span class='ocrx_word' id='word_1_143' title='bbox 649 1504 819 1543; x_wconf 73' lang='lat' dir='ltr'>permeavit</span> <span class='ocrx_word' id='word_1_144' title='bbox 835 1505 875 1534; x_wconf 76' lang='lat' dir='ltr'>acl</span> <span class='ocrx_word' id='word_1_145' title='bbox 890 1514 980 1534; x_wconf 80' lang='lat' dir='ltr'>aures</span> <span class='ocrx_word' id='word_1_146' title='bbox 995 1504 1202 1538; x_wconf 67' lang='lat' dir='ltr'>Anaxaretes,</span> <span class='ocrx_word' id='word_1_147' title='bbox 1218 1513 1308 1542; x_wconf 77' lang='lat' dir='ltr'>quam</span> <span class='ocrx_word' id='word_1_148' title='bbox 1325 1502 1396 1540; x_wconf 73' lang='lat' dir='ltr'>jam</span> <span class='ocrx_word' id='word_1_149' title='bbox 1422 1502 1509 1532; x_wconf 81' lang='lat' dir='ltr'>Deus</span> <span class='ocrx_word' id='word_1_150' title='bbox 1523 1502 1638 1532; x_wconf 77' lang='lat' dir='ltr'>vindex</span> <span class='ocrx_word' id='word_1_151' title='bbox 1650 1501 1717 1539; x_wconf 78' lang='lat' dir='ltr'>agi-</span> 
     </span>
     <span class='ocr_line' id='line_1_21' title="bbox 260 1543 1718 1585; baseline 0 -12"><span class='ocrx_word' id='word_1_152' title='bbox 260 1543 360 1574; x_wconf 77' lang='lat' dir='ltr'>tabat.</span> <span class='ocrx_word' id='word_1_153' title='bbox 409 1545 505 1575; x_wconf 88' lang='lat' dir='ltr'>Tacta</span> <span class='ocrx_word' id='word_1_154' title='bbox 521 1549 634 1583; x_wconf 79' lang='lat' dir='ltr'>tamen,</span> <span class='ocrx_word' id='word_1_155' title='bbox 648 1546 855 1584; x_wconf 64' lang='lat' dir='ltr'>Aspia-ianuas,</span> <span class='ocrx_word' id='word_1_156' title='bbox 879 1546 990 1585; x_wconf 76' lang='lat' dir='ltr'>inquit,</span> <span class='ocrx_word' id='word_1_157' title='bbox 1006 1545 1216 1575; x_wconf 72' lang='lat' dir='ltr'>lamentabiles</span> <span class='ocrx_word' id='word_1_158' title='bbox 1240 1545 1400 1584; x_wconf 74' lang='lat' dir='ltr'>exequias:</span> <span class='ocrx_word' id='word_1_159' title='bbox 1425 1547 1517 1583; x_wconf 80' lang='lat' dir='ltr'>atque</span> <span class='ocrx_word' id='word_1_160' title='bbox 1531 1544 1669 1573; x_wconf 82' lang='lat' dir='ltr'>ascendit</span> <span class='ocrx_word' id='word_1_161' title='bbox 1685 1544 1718 1573; x_wconf 85' lang='lat' dir='ltr'>in</span> 
     </span>
     <span class='ocr_line' id='line_1_22' title="bbox 261 1584 1717 1628; baseline 0 -13"><span class='ocrx_word' id='word_1_162' title='bbox 261 1585 412 1616; x_wconf 75' lang='lat' dir='ltr'>excelsam</span> <span class='ocrx_word' id='word_1_163' title='bbox 427 1587 688 1624; x_wconf 73' lang='lat' dir='ltr'>contignationem</span> <span class='ocrx_word' id='word_1_164' title='bbox 706 1587 855 1624; x_wconf 79' lang='lat' dir='ltr'>fenestris</span> <span class='ocrx_word' id='word_1_165' title='bbox 869 1589 994 1628; x_wconf 77' lang='lat' dir='ltr'>apertis.</span> <span class='ocrx_word' id='word_1_166' title='bbox 1044 1588 1165 1626; x_wconf 70' lang='lat' dir='ltr'>Vixque</span> <span class='ocrx_word' id='word_1_167' title='bbox 1187 1587 1260 1617; x_wconf 87' lang='lat' dir='ltr'>bene</span> <span class='ocrx_word' id='word_1_168' title='bbox 1273 1590 1471 1626; x_wconf 79' lang='lat' dir='ltr'>prospexerat</span> <span class='ocrx_word' id='word_1_169' title='bbox 1489 1585 1582 1625; x_wconf 80' lang='lat' dir='ltr'>Iphin</span> <span class='ocrx_word' id='word_1_170' title='bbox 1596 1584 1717 1625; x_wconf 81' lang='lat' dir='ltr'>imposi-</span> 
     </span>
     <span class='ocr_line' id='line_1_23' title="bbox 260 1627 1719 1668; baseline -0.001 -10"><span class='ocrx_word' id='word_1_171' title='bbox 260 1630 328 1658; x_wconf 72' lang='lat' dir='ltr'>tum</span> <span class='ocrx_word' id='word_1_172' title='bbox 350 1629 465 1668; x_wconf 84' lang='lat' dir='ltr'>capulo,</span> <span class='ocrx_word' id='word_1_173' title='bbox 481 1629 559 1658; x_wconf 81' lang='lat' dir='ltr'>oculi</span> <span class='ocrx_word' id='word_1_174' title='bbox 573 1629 714 1658; x_wconf 81' lang='lat' dir='ltr'>indurati</span> <span class='ocrx_word' id='word_1_175' title='bbox 729 1633 800 1659; x_wconf 80' lang='lat' dir='ltr'>sunt</span> <span class='ocrx_word' id='word_1_176' title='bbox 812 1640 822 1665; x_wconf 89' lang='lat'><em>;</em></span> <span class='ocrx_word' id='word_1_177' title='bbox 845 1633 876 1660; x_wconf 83' lang='lat' dir='ltr'>et</span> <span class='ocrx_word' id='word_1_178' title='bbox 890 1630 1018 1667; x_wconf 73' lang='lat' dir='ltr'>sangnis</span> <span class='ocrx_word' id='word_1_179' title='bbox 1033 1630 1150 1659; x_wconf 81' lang='lat' dir='ltr'>calidus</span> <span class='ocrx_word' id='word_1_180' title='bbox 1165 1629 1297 1659; x_wconf 70' lang='lat' dir='ltr'>excessit</span> <span class='ocrx_word' id='word_1_181' title='bbox 1322 1638 1361 1658; x_wconf 73' lang='lat' dir='ltr'>ea:</span> <span class='ocrx_word' id='word_1_182' title='bbox 1383 1637 1516 1667; x_wconf 78' lang='lat' dir='ltr'>corpore,</span> <span class='ocrx_word' id='word_1_183' title='bbox 1541 1628 1657 1667; x_wconf 85' lang='lat' dir='ltr'>pallore</span> <span class='ocrx_word' id='word_1_184' title='bbox 1671 1627 1719 1658; x_wconf 81' lang='lat' dir='ltr'>in-</span> 
     </span>
     <span class='ocr_line' id='line_1_24' title="bbox 263 1671 1716 1710; baseline 0 -10"><span class='ocrx_word' id='word_1_185' title='bbox 263 1673 368 1700; x_wconf 72' lang='lat' dir='ltr'>vecto:</span> <span class='ocrx_word' id='word_1_186' title='bbox 391 1674 482 1710; x_wconf 79' lang='lat' dir='ltr'>atque</span> <span class='ocrx_word' id='word_1_187' title='bbox 504 1674 614 1701; x_wconf 86' lang='lat' dir='ltr'>conata</span> <span class='ocrx_word' id='word_1_188' title='bbox 637 1674 721 1701; x_wconf 87' lang='lat' dir='ltr'>retro</span> <span class='ocrx_word' id='word_1_189' title='bbox 741 1671 832 1708; x_wconf 85' lang='lat' dir='ltr'>ferre</span> <span class='ocrx_word' id='word_1_190' title='bbox 856 1673 948 1710; x_wconf 84' lang='lat' dir='ltr'>pedes</span> <span class='ocrx_word' id='word_1_191' title='bbox 962 1674 1105 1710; x_wconf 75' lang='lat' dir='ltr'>correpta</span> <span class='ocrx_word' id='word_1_192' title='bbox 1121 1674 1162 1700; x_wconf 80' lang='lat' dir='ltr'>esc</span> <span class='ocrx_word' id='word_1_193' title='bbox 1177 1681 1186 1699; x_wconf 92' lang='lat'>.·</span> <span class='ocrx_word' id='word_1_194' title='bbox 1208 1674 1317 1701; x_wconf 83' lang='lat' dir='ltr'>conata</span> <span class='ocrx_word' id='word_1_195' title='bbox 1333 1671 1486 1701; x_wconf 81' lang='lat' dir='ltr'>dimovere</span> <span class='ocrx_word' id='word_1_196' title='bbox 1500 1671 1609 1708; x_wconf 84' lang='lat' dir='ltr'>oculos,</span> <span class='ocrx_word' id='word_1_197' title='bbox 1623 1679 1716 1709; x_wconf 80' lang='lat' dir='ltr'>neque</span> 
     </span>
     <span class='ocr_line' id='line_1_25' title="bbox 261 1712 1716 1753; baseline 0.001 -11"><span class='ocrx_word' id='word_1_198' title='bbox 261 1712 294 1742; x_wconf 76' lang='lat' dir='ltr'>id</span> <span class='ocrx_word' id='word_1_199' title='bbox 305 1712 430 1753; x_wconf 78' lang='lat' dir='ltr'>potuit.-</span> <span class='ocrx_word' id='word_1_200' title='bbox 451 1716 542 1753; x_wconf 81' lang='lat' dir='ltr'>atque</span> <span class='ocrx_word' id='word_1_201' title='bbox 553 1713 709 1752; x_wconf 82' lang='lat' dir='ltr'>paulatim</span> <span class='ocrx_word' id='word_1_202' title='bbox 731 1714 810 1744; x_wconf 75' lang='lat' dir='ltr'>silex</span> <span class='ocrx_word' id='word_1_203' title='bbox 836 1715 887 1753; x_wconf 83' lang='lat' dir='ltr'>qui</span> <span class='ocrx_word' id='word_1_204' title='bbox 901 1713 970 1752; x_wconf 77' lang='lat' dir='ltr'>suit</span> <span class='ocrx_word' id='word_1_205' title='bbox 987 1714 1111 1751; x_wconf 77' lang='lat' dir='ltr'>jamdiu</span> <span class='ocrx_word' id='word_1_206' title='bbox 1138 1713 1171 1743; x_wconf 81' lang='lat' dir='ltr'>in</span> <span class='ocrx_word' id='word_1_207' title='bbox 1195 1713 1298 1752; x_wconf 74' lang='lat' dir='ltr'>rigido</span> <span class='ocrx_word' id='word_1_208' title='bbox 1320 1714 1410 1743; x_wconf 81' lang='lat' dir='ltr'>corde</span> <span class='ocrx_word' id='word_1_209' title='bbox 1438 1712 1716 1743; x_wconf 68' lang='lat' dir='ltr'>invadit&#39;membra.</span> 
     </span>
    </p>
   </div>
   <div class='ocr_carea' id='block_1_4' title="bbox 870 1789 1102 1801">
    <p class='ocr_par' dir='ltr' id='par_1_15' title="bbox 870 1789 1102 1801">
     <span class='ocr_line' id='line_1_26' title="bbox 870 1789 1102 1801; baseline 0 -1"><span class='ocrx_word' id='word_1_210' title='bbox 870 1789 1102 1801; x_wconf 63' lang='lat' dir='ltr'>eeeeeeeeeeee</span> 
     </span>
    </p>
   </div>
   <div class='ocr_carea' id='block_1_5' title="bbox 261 1840 1718 2345">
    <p class='ocr_par' dir='ltr' id='par_1_16' title="bbox 261 1840 1718 2345">
     <span class='ocr_line' id='line_1_27' title="bbox 261 1840 1714 1882; baseline -0.001 -9"><span class='ocrx_word' id='word_1_211' title='bbox 261 1844 323 1873; x_wconf 83' lang='grc'>744</span> <span class='ocrx_word' id='word_1_212' title='bbox 348 1842 539 1874; x_wconf 82' lang='lat' dir='ltr'>Miserornm</span> <span class='ocrx_word' id='word_1_213' title='bbox 554 1847 606 1874; x_wconf 83' lang='lat' dir='ltr'>est</span> <span class='ocrx_word' id='word_1_214' title='bbox 621 1852 664 1872; x_wconf 88' lang='lat' dir='ltr'>ex</span> <span class='ocrx_word' id='word_1_215' title='bbox 680 1842 756 1872; x_wconf 88' lang='lat' dir='ltr'>Pal.</span> <span class='ocrx_word' id='word_1_216' title='bbox 773 1841 862 1878; x_wconf 84' lang='lat' dir='ltr'>vulg.</span> <span class='ocrx_word' id='word_1_217' title='bbox 885 1840 1087 1874; x_wconf 76' lang='lat' dir='ltr'>miserarum,-</span> <span class='ocrx_word' id='word_1_218' title='bbox 1109 1845 1144 1870; x_wconf 82' lang='lat' dir='ltr'>et</span> <span class='ocrx_word' id='word_1_219' title='bbox 1161 1841 1208 1871; x_wconf 86' lang='lat' dir='ltr'>sic</span> <span class='ocrx_word' id='word_1_220' title='bbox 1225 1841 1374 1872; x_wconf 87' lang='lat' dir='ltr'>Berolin.</span> <span class='ocrx_word' id='word_1_221' title='bbox 1392 1851 1468 1872; x_wconf 84' lang='lat' dir='ltr'>curn</span> <span class='ocrx_word' id='word_1_222' title='bbox 1483 1851 1511 1871; x_wconf 80' lang='lat' dir='ltr'>v.</span> <span class='ocrx_word' id='word_1_223' title='bbox 1533 1843 1714 1882; x_wconf 71' lang='lat' dir='ltr'>peremtum.</span> 
     </span>
     <span class='ocr_line' id='line_1_28' title="bbox 262 1882 1715 1923; baseline -0.001 -8"><span class='ocrx_word' id='word_1_224' title='bbox 262 1888 367 1915; x_wconf 84' lang='grc'><strong>-745</strong></span> <span class='ocrx_word' id='word_1_225' title='bbox 394 1886 462 1916; x_wconf 83' lang='lat' dir='ltr'>Pro</span> <span class='ocrx_word' id='word_1_226' title='bbox 477 1886 569 1921; x_wconf 79' lang='lat' dir='ltr'>sacta</span> <span class='ocrx_word' id='word_1_227' title='bbox 594 1885 636 1914; x_wconf 80' lang='lat' dir='ltr'>V.</span> <span class='ocrx_word' id='word_1_228' title='bbox 663 1888 754 1914; x_wconf 74' lang='lat' dir='ltr'>vota:</span> <span class='ocrx_word' id='word_1_229' title='bbox 778 1887 847 1913; x_wconf 76' lang='lat' dir='ltr'>tres</span> <span class='ocrx_word' id='word_1_230' title='bbox 863 1882 1059 1920; x_wconf 56' lang='lat' dir='ltr'>fata-746</span> <span class='ocrx_word' id='word_1_231' title='bbox 1083 1883 1252 1922; x_wconf 78' lang='lat' dir='ltr'>Bernegg.</span> <span class='ocrx_word' id='word_1_232' title='bbox 1268 1883 1396 1914; x_wconf 86' lang='lat' dir='ltr'>Thuan.</span> <span class='ocrx_word' id='word_1_233' title='bbox 1415 1883 1516 1913; x_wconf 85' lang='lat' dir='ltr'>Barb.</span> <span class='ocrx_word' id='word_1_234' title='bbox 1534 1893 1584 1923; x_wconf 85' lang='lat' dir='ltr'>pr.</span> <span class='ocrx_word' id='word_1_235' title='bbox 1609 1884 1715 1914; x_wconf 84' lang='lat' dir='ltr'>Gron.</span> 
     </span>
     <span class='ocr_line' id='line_1_29' title="bbox 262 1923 1717 1964; baseline -0.001 -7"><span class='ocrx_word' id='word_1_236' title='bbox 262 1930 299 1957; x_wconf 85' lang='lat' dir='ltr'>et</span> <span class='ocrx_word' id='word_1_237' title='bbox 315 1927 371 1956; x_wconf 91' lang='lat' dir='ltr'>alii</span> <span class='ocrx_word' id='word_1_238' title='bbox 396 1927 547 1956; x_wconf 85' lang='lat' dir='ltr'>nonnulli</span> <span class='ocrx_word' id='word_1_239' title='bbox 574 1926 652 1956; x_wconf 86' lang='lat' dir='ltr'>Fun.</span> <span class='ocrx_word' id='word_1_240' title='bbox 676 1926 949 1956; x_wconf 55' lang='lat' dir='ltr'>‹incautum—747</span> <span class='ocrx_word' id='word_1_241' title='bbox 974 1923 1083 1953; x_wconf 84' lang='lat' dir='ltr'>Iidem</span> <span class='ocrx_word' id='word_1_242' title='bbox 1110 1924 1218 1955; x_wconf 77' lang='lat' dir='ltr'>Codd.</span> <span class='ocrx_word' id='word_1_243' title='bbox 1244 1928 1408 1964; x_wconf 76' lang='lat' dir='ltr'>portantur</span> <span class='ocrx_word' id='word_1_244' title='bbox 1430 1935 1492 1963; x_wconf 85' lang='lat' dir='ltr'>pro</span> <span class='ocrx_word' id='word_1_245' title='bbox 1517 1925 1717 1963; x_wconf 79' lang='lat' dir='ltr'>portabat.—</span> 
     </span>
     <span class='ocr_line' id='line_1_30' title="bbox 262 1965 1717 2006; baseline 0 -9"><span class='ocrx_word' id='word_1_246' title='bbox 262 1969 325 1997; x_wconf 79' lang='grc'>748</span> <span class='ocrx_word' id='word_1_247' title='bbox 349 1968 408 1997; x_wconf 91' lang='lat' dir='ltr'>Pr.</span> <span class='ocrx_word' id='word_1_248' title='bbox 426 1967 488 1997; x_wconf 89' lang='lat' dir='ltr'>Ed.</span> <span class='ocrx_word' id='word_1_249' title='bbox 506 1966 619 1997; x_wconf 84' lang='lat' dir='ltr'>Aldin.</span> <span class='ocrx_word' id='word_1_250' title='bbox 634 1971 670 1997; x_wconf 87' lang='lat' dir='ltr'>et</span> <span class='ocrx_word' id='word_1_251' title='bbox 695 1976 778 1997; x_wconf 89' lang='lat' dir='ltr'>unus</span> <span class='ocrx_word' id='word_1_252' title='bbox 801 1965 894 1996; x_wconf 87' lang='lat' dir='ltr'>Med.</span> <span class='ocrx_word' id='word_1_253' title='bbox 922 1975 1011 2004; x_wconf 83' lang='lat' dir='ltr'>quam</span> <span class='ocrx_word' id='word_1_254' title='bbox 1028 1975 1086 2004; x_wconf 81' lang='lat' dir='ltr'>pro</span> <span class='ocrx_word' id='word_1_255' title='bbox 1102 1969 1280 2005; x_wconf 73' lang='lat' dir='ltr'>qaa.-—749</span> <span class='ocrx_word' id='word_1_256' title='bbox 1303 1967 1388 1997; x_wconf 82' lang='lat' dir='ltr'>Tres</span> <span class='ocrx_word' id='word_1_257' title='bbox 1406 1967 1482 1996; x_wconf 83' lang='lat' dir='ltr'>libri</span> <span class='ocrx_word' id='word_1_258' title='bbox 1498 1967 1658 2006; x_wconf 68' lang='lat' dir='ltr'>«fineque,-</span> <span class='ocrx_word' id='word_1_259' title='bbox 1681 1971 1717 1997; x_wconf 90' lang='lat' dir='ltr'>et</span> 
     </span>
     <span class='ocr_line' id='line_1_31' title="bbox 263 2008 1718 2050; baseline 0 -11"><span class='ocrx_word' id='word_1_260' title='bbox 263 2013 408 2050; x_wconf 85' lang='lat' dir='ltr'>quatuor</span> <span class='ocrx_word' id='word_1_261' title='bbox 421 2010 591 2047; x_wconf 80' lang='lat' dir='ltr'>durasque.-</span> <span class='ocrx_word' id='word_1_262' title='bbox 614 2018 690 2039; x_wconf 85' lang='lat' dir='ltr'>mox</span> <span class='ocrx_word' id='word_1_263' title='bbox 707 2009 826 2039; x_wconf 82' lang='lat' dir='ltr'>decem</span> <span class='ocrx_word' id='word_1_264' title='bbox 854 2008 1027 2045; x_wconf 81' lang='lat' dir='ltr'>clangoris;</span> <span class='ocrx_word' id='word_1_265' title='bbox 1051 2013 1085 2038; x_wconf 64' lang='lat' dir='ltr'>et</span> <span class='ocrx_word' id='word_1_266' title='bbox 1110 2013 1177 2038; x_wconf 70' lang='lat' dir='ltr'>tres</span> <span class='ocrx_word' id='word_1_267' title='bbox 1198 2008 1459 2039; x_wconf 62' lang='lat' dir='ltr'>clamoris—750</span> <span class='ocrx_word' id='word_1_268' title='bbox 1487 2010 1542 2038; x_wconf 76' lang='lat' dir='ltr'>Pr.</span> <span class='ocrx_word' id='word_1_269' title='bbox 1558 2009 1663 2039; x_wconf 87' lang='lat' dir='ltr'>Gron.</span> <span class='ocrx_word' id='word_1_270' title='bbox 1680 2012 1718 2039; x_wconf 87' lang='lat' dir='ltr'>et</span> 
     </span>
     <span class='ocr_line' id='line_1_32' title="bbox 264 2050 1714 2091; baseline -0.001 -9"><span class='ocrx_word' id='word_1_271' title='bbox 264 2055 333 2082; x_wconf 89' lang='lat' dir='ltr'>tres</span> <span class='ocrx_word' id='word_1_272' title='bbox 358 2051 412 2081; x_wconf 87' lang='lat' dir='ltr'>alii</span> <span class='ocrx_word' id='word_1_273' title='bbox 427 2052 484 2082; x_wconf 79' lang='lat' dir='ltr'>ult.</span> <span class='ocrx_word' id='word_1_274' title='bbox 499 2051 748 2081; x_wconf 62' lang='lat' dir='ltr'>habehim—753</span> <span class='ocrx_word' id='word_1_275' title='bbox 773 2052 823 2081; x_wconf 85' lang='lat' dir='ltr'>Ex</span> <span class='ocrx_word' id='word_1_276' title='bbox 845 2051 952 2081; x_wconf 72' lang='lat' dir='ltr'>Cant..</span> <span class='ocrx_word' id='word_1_277' title='bbox 971 2050 1087 2080; x_wconf 80' lang='lat' dir='ltr'>Heius.</span> <span class='ocrx_word' id='word_1_278' title='bbox 1107 2050 1236 2089; x_wconf 81' lang='lat' dir='ltr'>profert</span> <span class='ocrx_word' id='word_1_279' title='bbox 1260 2052 1321 2081; x_wconf 74' lang='lat' dir='ltr'>Vix</span> <span class='ocrx_word' id='word_1_280' title='bbox 1338 2051 1366 2082; x_wconf 86' lang='lat' dir='ltr'>b.</span> <span class='ocrx_word' id='word_1_281' title='bbox 1382 2051 1598 2090; x_wconf 73' lang='lat' dir='ltr'>compositum.-</span> <span class='ocrx_word' id='word_1_282' title='bbox 1623 2051 1714 2091; x_wconf 80' lang='lat' dir='ltr'>vulg.</span> 
     </span>
     <span class='ocr_line' id='line_1_33' title="bbox 262 2093 1716 2133; baseline 0.001 -10"><span class='ocrx_word' id='word_1_283' title='bbox 262 2093 389 2133; x_wconf 79' lang='lat' dir='ltr'>legitur</span> <span class='ocrx_word' id='word_1_284' title='bbox 407 2093 527 2132; x_wconf 73' lang='lat' dir='ltr'>Vixque</span> <span class='ocrx_word' id='word_1_285' title='bbox 539 2093 566 2123; x_wconf 86' lang='lat' dir='ltr'>b.</span> <span class='ocrx_word' id='word_1_286' title='bbox 580 2093 777 2132; x_wconf 73' lang='lat' dir='ltr'>impositum.-</span> <span class='ocrx_word' id='word_1_287' title='bbox 801 2093 935 2129; x_wconf 73' lang='lat' dir='ltr'>Fragm.</span> <span class='ocrx_word' id='word_1_288' title='bbox 948 2093 1119 2123; x_wconf 82' lang='lat' dir='ltr'>Boxliorn.</span> <span class='ocrx_word' id='word_1_289' title='bbox 1138 2094 1201 2124; x_wconf 70' lang='lat' dir='ltr'>Vix</span> <span class='ocrx_word' id='word_1_290' title='bbox 1210 2093 1238 2123; x_wconf 85' lang='lat' dir='ltr'>b.</span> <span class='ocrx_word' id='word_1_291' title='bbox 1250 2093 1436 2132; x_wconf 77' lang='lat' dir='ltr'>impositum.</span> <span class='ocrx_word' id='word_1_292' title='bbox 1462 2094 1541 2123; x_wconf 90' lang='lat' dir='ltr'>Mox</span> <span class='ocrx_word' id='word_1_293' title='bbox 1557 2093 1716 2124; x_wconf 87' lang='lat' dir='ltr'>Heidelb.</span> 
     </span>
     <span class='ocr_line' id='line_1_34' title="bbox 261 2134 1715 2175; baseline 0 -9"><span class='ocrx_word' id='word_1_294' title='bbox 261 2139 482 2175; x_wconf 80' lang='lat' dir='ltr'>conspexerat.-</span> <span class='ocrx_word' id='word_1_295' title='bbox 507 2141 542 2165; x_wconf 86' lang='lat' dir='ltr'>et</span> <span class='ocrx_word' id='word_1_296' title='bbox 559 2135 648 2174; x_wconf 82' lang='lat' dir='ltr'>Iphin</span> <span class='ocrx_word' id='word_1_297' title='bbox 669 2145 727 2175; x_wconf 71' lang='lat' dir='ltr'>pro</span> <span class='ocrx_word' id='word_1_298' title='bbox 745 2136 834 2175; x_wconf 86' lang='lat' dir='ltr'>vulg.</span> <span class='ocrx_word' id='word_1_299' title='bbox 854 2134 954 2174; x_wconf 78' lang='lat' dir='ltr'>Iphim</span> <span class='ocrx_word' id='word_1_300' title='bbox 974 2135 1088 2165; x_wconf 78' lang='lat' dir='ltr'>Heius.</span> <span class='ocrx_word' id='word_1_301' title='bbox 1106 2135 1200 2165; x_wconf 83' lang='lat' dir='ltr'>dedit</span> <span class='ocrx_word' id='word_1_302' title='bbox 1217 2145 1257 2164; x_wconf 75' lang='lat' dir='ltr'>ex</span> <span class='ocrx_word' id='word_1_303' title='bbox 1275 2136 1585 2167; x_wconf 73' lang='lat' dir='ltr'>meiiorii›us.—-754</span> <span class='ocrx_word' id='word_1_304' title='bbox 1603 2136 1715 2175; x_wconf 88' lang='lat' dir='ltr'>Vulgo</span> 
     </span>
     <span class='ocr_line' id='line_1_35' title="bbox 263 2177 1716 2217; baseline 0 -9"><span class='ocrx_word' id='word_1_305' title='bbox 263 2178 457 2216; x_wconf 80' lang='lat' dir='ltr'>Diriguere;</span> <span class='ocrx_word' id='word_1_306' title='bbox 481 2182 516 2207; x_wconf 84' lang='lat' dir='ltr'>et</span> <span class='ocrx_word' id='word_1_307' title='bbox 533 2177 617 2208; x_wconf 88' lang='lat' dir='ltr'>Cod.</span> <span class='ocrx_word' id='word_1_308' title='bbox 642 2179 821 2217; x_wconf 79' lang='lat' dir='ltr'>Langerm.</span> <span class='ocrx_word' id='word_1_309' title='bbox 848 2177 1043 2214; x_wconf 75' lang='lat' dir='ltr'>Corrigucre.</span> <span class='ocrx_word' id='word_1_310' title='bbox 1074 2178 1156 2208; x_wconf 85' lang='lat' dir='ltr'>Tum</span> <span class='ocrx_word' id='word_1_311' title='bbox 1185 2178 1334 2208; x_wconf 74' lang='lat' dir='ltr'>Berolin.</span> <span class='ocrx_word' id='word_1_312' title='bbox 1350 2178 1543 2217; x_wconf 61' lang='lat' dir='ltr'>caudasque:</span> <span class='ocrx_word' id='word_1_313' title='bbox 1565 2183 1600 2208; x_wconf 86' lang='lat' dir='ltr'>et</span> <span class='ocrx_word' id='word_1_314' title='bbox 1615 2178 1716 2209; x_wconf 85' lang='lat' dir='ltr'>Voss.</span> 
     </span>
     <span class='ocr_line' id='line_1_36' title="bbox 261 2219 1716 2260; baseline 0.001 -10"><span class='ocrx_word' id='word_1_315' title='bbox 261 2220 430 2259; x_wconf 79' lang='lat' dir='ltr'>calidoque.</span> <span class='ocrx_word' id='word_1_316' title='bbox 475 2219 619 2251; x_wconf 81' lang='lat' dir='ltr'>Quidam</span> <span class='ocrx_word' id='word_1_317' title='bbox 637 2221 738 2250; x_wconf 82' lang='lat' dir='ltr'>etiam</span> <span class='ocrx_word' id='word_1_318' title='bbox 754 2223 875 2259; x_wconf 83' lang='lat' dir='ltr'>pectore</span> <span class='ocrx_word' id='word_1_319' title='bbox 893 2229 953 2259; x_wconf 88' lang='lat' dir='ltr'>pro</span> <span class='ocrx_word' id='word_1_320' title='bbox 969 2223 1211 2259; x_wconf 84' lang='lat' dir='ltr'>corpore.——755</span> <span class='ocrx_word' id='word_1_321' title='bbox 1237 2221 1392 2252; x_wconf 77' lang='lat' dir='ltr'>Quamor</span> <span class='ocrx_word' id='word_1_322' title='bbox 1408 2220 1484 2250; x_wconf 86' lang='lat' dir='ltr'>libri</span> <span class='ocrx_word' id='word_1_323' title='bbox 1509 2220 1622 2250; x_wconf 77' lang='lat' dir='ltr'>Induto</span> <span class='ocrx_word' id='word_1_324' title='bbox 1642 2220 1716 2260; x_wconf 81' lang='lat' dir='ltr'>pall.</span> 
     </span>
     <span class='ocr_line' id='line_1_37' title="bbox 263 2261 1716 2301; baseline 0.001 -9"><span class='ocrx_word' id='word_1_325' title='bbox 263 2266 299 2292; x_wconf 89' lang='lat' dir='ltr'>et</span> <span class='ocrx_word' id='word_1_326' title='bbox 315 2261 437 2292; x_wconf 88' lang='lat' dir='ltr'>deinde</span> <span class='ocrx_word' id='word_1_327' title='bbox 454 2262 534 2293; x_wconf 89' lang='lat' dir='ltr'>Jun.</span> <span class='ocrx_word' id='word_1_328' title='bbox 553 2272 626 2292; x_wconf 88' lang='lat' dir='ltr'>cum</span> <span class='ocrx_word' id='word_1_329' title='bbox 644 2273 702 2292; x_wconf 83' lang='lat' dir='ltr'>sex</span> <span class='ocrx_word' id='word_1_330' title='bbox 720 2263 792 2292; x_wconf 86' lang='lat' dir='ltr'>aliis</span> <span class='ocrx_word' id='word_1_331' title='bbox 803 2265 972 2301; x_wconf 83' lang='lat' dir='ltr'>conataque</span> <span class='ocrx_word' id='word_1_332' title='bbox 987 2266 1123 2293; x_wconf 66' lang='lat' dir='ltr'>vertere:</span> <span class='ocrx_word' id='word_1_333' title='bbox 1147 2267 1215 2293; x_wconf 76' lang='lat' dir='ltr'>tres</span> <span class='ocrx_word' id='word_1_334' title='bbox 1232 2263 1335 2293; x_wconf 86' lang='lat' dir='ltr'>etiam</span> <span class='ocrx_word' id='word_1_335' title='bbox 1349 2266 1456 2293; x_wconf 84' lang='lat' dir='ltr'>conata</span> <span class='ocrx_word' id='word_1_336' title='bbox 1469 2265 1642 2298; x_wconf 82' lang='lat' dir='ltr'>revertere‚·</span> <span class='ocrx_word' id='word_1_337' title='bbox 1665 2271 1716 2301; x_wconf 86' lang='lat' dir='ltr'>pr.</span> 
     </span>
     <span class='ocr_line' id='line_1_38' title="bbox 264 2304 1717 2345; baseline -0.001 -9"><span class='ocrx_word' id='word_1_338' title='bbox 264 2304 372 2336; x_wconf 86' lang='lat' dir='ltr'>Gron.</span> <span class='ocrx_word' id='word_1_339' title='bbox 388 2309 424 2336; x_wconf 88' lang='lat' dir='ltr'>et</span> <span class='ocrx_word' id='word_1_340' title='bbox 439 2304 589 2335; x_wconf 86' lang='lat' dir='ltr'>Berolin.</span> <span class='ocrx_word' id='word_1_341' title='bbox 607 2306 883 2336; x_wconf 56' lang='lat' dir='ltr'>advertere—768</span> <span class='ocrx_word' id='word_1_342' title='bbox 907 2305 1003 2335; x_wconf 84' lang='lat' dir='ltr'>Cant.</span> <span class='ocrx_word' id='word_1_343' title='bbox 1022 2305 1065 2335; x_wconf 96' lang='lat' dir='ltr'>O.</span> <span class='ocrx_word' id='word_1_344' title='bbox 1084 2304 1214 2336; x_wconf 83' lang='lat' dir='ltr'>Arund.</span> <span class='ocrx_word' id='word_1_345' title='bbox 1231 2315 1283 2345; x_wconf 86' lang='lat' dir='ltr'>pr.</span> <span class='ocrx_word' id='word_1_346' title='bbox 1307 2306 1395 2336; x_wconf 86' lang='lat' dir='ltr'>Mor.</span> <span class='ocrx_word' id='word_1_347' title='bbox 1409 2309 1445 2336; x_wconf 88' lang='lat' dir='ltr'>et</span> <span class='ocrx_word' id='word_1_348' title='bbox 1470 2304 1604 2345; x_wconf 86' lang='lat' dir='ltr'>plurimi</span> <span class='ocrx_word' id='word_1_349' title='bbox 1616 2304 1670 2336; x_wconf 85' lang='lat' dir='ltr'>alii</span> <span class='ocrx_word' id='word_1_350' title='bbox 1683 2304 1717 2335; x_wconf 82' lang='lat' dir='ltr'>in</span> 
     </span>
    </p>
   </div>
   <div class='ocr_carea' id='block_1_6' title="bbox 919 2401 1057 2432">
    <p class='ocr_par' dir='ltr' id='par_1_17' title="bbox 919 2401 1057 2432">
     <span class='ocr_line' id='line_1_39' title="bbox 919 2401 1057 2432; baseline 0 -1"><span class='ocrx_word' id='word_1_351' title='bbox 919 2401 1057 2432; x_wconf 83' lang='lat' dir='ltr'>NOTAE</span> 
     </span>
    </p>
   </div>
   <div class='ocr_carea' id='block_1_7' title="bbox 262 2474 1715 2817">
    <p class='ocr_par' dir='ltr' id='par_1_18' title="bbox 262 2474 1715 2617">
     <span class='ocr_line' id='line_1_40' title="bbox 305 2474 1715 2516; baseline 0.002 -12"><span class='ocrx_word' id='word_1_352' title='bbox 305 2476 368 2505; x_wconf 85' lang='grc'>747</span> <span class='ocrx_word' id='word_1_353' title='bbox 390 2474 524 2514; x_wconf 79' lang='lat' dir='ltr'>Lurida]</span> <span class='ocrx_word' id='word_1_354' title='bbox 564 2474 682 2505; x_wconf 85' lang='lat' dir='ltr'>Livido</span> <span class='ocrx_word' id='word_1_355' title='bbox 707 2476 831 2514; x_wconf 85' lang='lat' dir='ltr'>colore,</span> <span class='ocrx_word' id='word_1_356' title='bbox 848 2475 959 2516; x_wconf 87' lang='lat' dir='ltr'>qualia</span> <span class='ocrx_word' id='word_1_357' title='bbox 1016 2475 1130 2515; x_wconf 82' lang='lat' dir='ltr'>quales</span> <span class='ocrx_word' id='word_1_358' title='bbox 1147 2475 1270 2505; x_wconf 81' lang='lat' dir='ltr'>deceat</span> <span class='ocrx_word' id='word_1_359' title='bbox 1287 2485 1360 2506; x_wconf 84' lang='lat' dir='ltr'>esse</span> <span class='ocrx_word' id='word_1_360' title='bbox 1379 2476 1507 2515; x_wconf 82' lang='lat' dir='ltr'>puellas</span> <span class='ocrx_word' id='word_1_361' title='bbox 1527 2485 1641 2506; x_wconf 81' lang='lat' dir='ltr'>amore</span> <span class='ocrx_word' id='word_1_362' title='bbox 1655 2475 1715 2507; x_wconf 88' lang='lat' dir='ltr'>im·</span> 
     </span>
     <span class='ocr_line' id='line_1_41' title="bbox 263 2525 1714 2567; baseline 0 -10"><span class='ocrx_word' id='word_1_363' title='bbox 263 2526 372 2557; x_wconf 78' lang='lat' dir='ltr'>solent</span> <span class='ocrx_word' id='word_1_364' title='bbox 387 2536 460 2557; x_wconf 84' lang='lat' dir='ltr'>esse</span> <span class='ocrx_word' id='word_1_365' title='bbox 476 2536 630 2566; x_wconf 82' lang='lat' dir='ltr'>corpora,</span> <span class='ocrx_word' id='word_1_366' title='bbox 645 2537 718 2567; x_wconf 60' lang='lat' dir='ltr'>quae</span> <span class='ocrx_word' id='word_1_367' title='bbox 736 2536 776 2556; x_wconf 89' lang='lat' dir='ltr'>ex</span> <span class='ocrx_word' id='word_1_368' title='bbox 793 2527 959 2566; x_wconf 83' lang='lat' dir='ltr'>praecluso</span> <span class='ocrx_word' id='word_1_369' title='bbox 1015 2525 1120 2565; x_wconf 85' lang='lat' dir='ltr'>probo</span> <span class='ocrx_word' id='word_1_370' title='bbox 1158 2525 1315 2564; x_wconf 75' lang='lat' dir='ltr'>invictas,</span> <span class='ocrx_word' id='word_1_371' title='bbox 1352 2526 1580 2563; x_wconf 76' lang='lat' dir='ltr'>cognoscitur,</span> <span class='ocrx_word' id='word_1_372' title='bbox 1613 2535 1714 2566; x_wconf 83' lang='lat' dir='ltr'>quam</span> 
     </span>
     <span class='ocr_line' id='line_1_42' title="bbox 262 2574 1714 2617; baseline -0.001 -10"><span class='ocrx_word' id='word_1_373' title='bbox 262 2576 385 2617; x_wconf 78' lang='lat' dir='ltr'>spiritu</span> <span class='ocrx_word' id='word_1_374' title='bbox 402 2577 549 2607; x_wconf 78' lang='lat' dir='ltr'>violenta</span> <span class='ocrx_word' id='word_1_375' title='bbox 565 2582 672 2607; x_wconf 83' lang='lat' dir='ltr'>morte</span> <span class='ocrx_word' id='word_1_376' title='bbox 691 2582 847 2615; x_wconf 85' lang='lat' dir='ltr'>pereunt.</span> <span class='ocrx_word' id='word_1_377' title='bbox 1014 2574 1093 2615; x_wconf 84' lang='lat' dir='ltr'>quid</span> <span class='ocrx_word' id='word_1_378' title='bbox 1124 2579 1227 2605; x_wconf 74' lang='lat' dir='ltr'>eastae</span> <span class='ocrx_word' id='word_1_379' title='bbox 1259 2574 1336 2604; x_wconf 76' lang='lat' dir='ltr'>mali</span> <span class='ocrx_word' id='word_1_380' title='bbox 1374 2579 1579 2604; x_wconf 76' lang='lat' dir='ltr'>mereantur.</span> <span class='ocrx_word' id='word_1_381' title='bbox 1635 2575 1714 2606; x_wconf 87' lang='lat' dir='ltr'>Non</span> 
     </span>
    </p>

    <p class='ocr_par' dir='ltr' id='par_1_19' title="bbox 263 2622 1715 2757">
     <span class='ocr_line' id='line_1_43' title="bbox 306 2622 1715 2665; baseline -0.001 -9"><span class='ocrx_word' id='word_1_382' title='bbox 306 2628 369 2657; x_wconf 81' lang='lat'>750</span> <span class='ocrx_word' id='word_1_383' title='bbox 403 2625 508 2665; x_wconf 90' lang='lat' dir='ltr'>Ultor]</span> <span class='ocrx_word' id='word_1_384' title='bbox 557 2626 726 2656; x_wconf 77' lang='lat' dir='ltr'>Nemesim</span> <span class='ocrx_word' id='word_1_385' title='bbox 757 2636 860 2665; x_wconf 81' lang='lat' dir='ltr'>supra</span> <span class='ocrx_word' id='word_1_386' title='bbox 890 2636 958 2656; x_wconf 89' lang='lat' dir='ltr'>me-</span> <span class='ocrx_word' id='word_1_387' title='bbox 1013 2623 1154 2663; x_wconf 77' lang='lat' dir='ltr'>diriguit</span> <span class='ocrx_word' id='word_1_388' title='bbox 1185 2622 1382 2654; x_wconf 83' lang='lat' dir='ltr'>Anaxarete</span> <span class='ocrx_word' id='word_1_389' title='bbox 1410 2632 1471 2662; x_wconf 85' lang='lat' dir='ltr'>per</span> <span class='ocrx_word' id='word_1_390' title='bbox 1499 2622 1715 2663; x_wconf 82' lang='lat' dir='ltr'>supplicium,</span> 
     </span>
     <span class='ocr_line' id='line_1_44' title="bbox 263 2671 1715 2715; baseline -0.002 -9"><span class='ocrx_word' id='word_1_391' title='bbox 263 2675 419 2707; x_wconf 80' lang='lat' dir='ltr'>moravit.</span> <span class='ocrx_word' id='word_1_392' title='bbox 464 2675 623 2706; x_wconf 72' lang='lat' dir='ltr'>Ceterum</span> <span class='ocrx_word' id='word_1_393' title='bbox 640 2675 680 2706; x_wconf 87' lang='lat' dir='ltr'>ad</span> <span class='ocrx_word' id='word_1_394' title='bbox 704 2685 843 2715; x_wconf 87' lang='lat' dir='ltr'>scopum</span> <span class='ocrx_word' id='word_1_395' title='bbox 863 2685 958 2705; x_wconf 84' lang='lat' dir='ltr'>suum</span> <span class='ocrx_word' id='word_1_396' title='bbox 1014 2677 1052 2702; x_wconf 86' lang='lat' dir='ltr'>ut</span> <span class='ocrx_word' id='word_1_397' title='bbox 1062 2671 1396 2711; x_wconf 67' lang='lat' dir='ltr'>fingitVertumnus;</span> <span class='ocrx_word' id='word_1_398' title='bbox 1410 2671 1468 2701; x_wconf 85' lang='lat' dir='ltr'>sed</span> <span class='ocrx_word' id='word_1_399' title='bbox 1481 2681 1541 2712; x_wconf 86' lang='lat' dir='ltr'>per</span> <span class='ocrx_word' id='word_1_400' title='bbox 1552 2671 1715 2703; x_wconf 71' lang='lat' dir='ltr'>virtutem</span> 
     </span>
     <span class='ocr_line' id='line_1_45' title="bbox 265 2721 1458 2757; baseline -0.003 -1"><span class='ocrx_word' id='word_1_401' title='bbox 265 2726 472 2757; x_wconf 84' lang='lat' dir='ltr'>Vertumnus</span> <span class='ocrx_word' id='word_1_402' title='bbox 519 2724 667 2756; x_wconf 84' lang='lat' dir='ltr'>fabulam</span> <span class='ocrx_word' id='word_1_403' title='bbox 716 2725 960 2757; x_wconf 86' lang='lat' dir='ltr'>accommodat.</span> <span class='ocrx_word' id='word_1_404' title='bbox 1014 2723 1049 2755; x_wconf 90' lang='lat' dir='ltr'>in</span> <span class='ocrx_word' id='word_1_405' title='bbox 1069 2722 1180 2753; x_wconf 84' lang='lat' dir='ltr'>officio</span> <span class='ocrx_word' id='word_1_406' title='bbox 1197 2721 1375 2753; x_wconf 78' lang='lat' dir='ltr'>obfirmata</span> <span class='ocrx_word' id='word_1_407' title='bbox 1395 2727 1458 2753; x_wconf 88' lang='lat' dir='ltr'>est.</span> 
     </span>
    </p>

    <p class='ocr_par' dir='ltr' id='par_1_20' title="bbox 267 2771 1715 2817">
     <span class='ocr_line' id='line_1_46' title="bbox 267 2771 1715 2817; baseline -0.005 -7"><span class='ocrx_word' id='word_1_408' title='bbox 267 2776 425 2817; x_wconf 87' lang='lat' dir='ltr'>Namque</span> <span class='ocrx_word' id='word_1_409' title='bbox 461 2775 670 2808; x_wconf 79' lang='lat' dir='ltr'>Anaxaretes</span> <span class='ocrx_word' id='word_1_410' title='bbox 707 2775 821 2808; x_wconf 86' lang='lat' dir='ltr'>fabula</span> <span class='ocrx_word' id='word_1_411' title='bbox 857 2775 963 2815; x_wconf 85' lang='lat' dir='ltr'>magis</span> <span class='ocrx_word' id='word_1_412' title='bbox 1061 2775 1125 2805; x_wconf 86' lang='grc'>758</span> <span class='ocrx_word' id='word_1_413' title='bbox 1161 2772 1371 2814; x_wconf 74' lang='lat' dir='ltr'>Jampridem]</span> <span class='ocrx_word' id='word_1_414' title='bbox 1418 2772 1494 2804; x_wconf 83' lang='lat' dir='ltr'>Hoc</span> <span class='ocrx_word' id='word_1_415' title='bbox 1517 2771 1613 2814; x_wconf 88' lang='lat' dir='ltr'>dicit,</span> <span class='ocrx_word' id='word_1_416' title='bbox 1637 2771 1715 2814; x_wconf 89' lang='lat' dir='ltr'>quia</span> 
     </span>
    </p>
   </div>
  </div>
 </body>
</html>
