1773 3121
534 271 798 304 FASTORUM
830 271 927 302 Lm.
961 272 975 301 1
985 273 993 300 Ι
1002 272 1035 304 1.

62 354 121 406 Et
139 364 219 406 tibi
239 377 338 407 cum
354 364 544 419 proaviS,
564 364 692 405 miles
712 363 909 418 PeIigne,
930 364 1113 407 Sabinis

1400 264 1514 306 1945

119 430 359 474 Convenit:
389 432 458 472 hic
478 432 595 483 genti
616 436 796 484 quartus
819 432 992 486 utrique
1013 433 1154 475 Deus.

64 497 295 549 Romulus,
315 499 393 539 hos
409 510 559 539 omnes
579 503 627 540 ut
645 499 841 540 vinceret
861 499 1011 540 ordine
1031 500 1203 551 saltem,

118 566 350 619 Sanguinis
370 566 542 606 auctori
560 569 759 620 tempora
778 568 918 621 prima
937 567 1071 609 dedit.

63 631 161 674 Nec
177 633 354 674 totidem
368 636 548 682 veteres,
571 638 680 686 quot
696 645 827 684 nunc,
845 633 1036 674 habuere
1057 633 1297 676 Kalendas.

117 700 199 741 Ille
217 700 358 740 minor
377 700 558 753 geminis
577 701 803 741 mensibus
825 714 964 742 annus
986 705 1091 743 erat.

1427 702 1513 743 100

62 765 270 808 Nondum
293 765 535 808 tradideras
556 768 698 809 victas
713 768 956 809 victoribus
975 771 1110 818 artes,

116 831 313 883 Graecia,
334 832 586 884 facundum,
607 834 684 875 sed
704 834 818 875 male
837 835 965 885 forte,
987 847 1137 888 genus.

59 897 151 949 Qui
168 900 282 941 bene
303 905 535 955 pugnarat,
558 901 806 943 Romanam
832 906 1015 944 noverat
1035 906 1194 943 artem:

116 966 290 1009 Mittere
310 969 383 1022 qui
402 974 580 1022 poterat
598 970 704 1023 pila,
726 969 913 1011 disertus
931 973 1038 1011 erat.

57 1110 236 1145 nusiacum
247 1112 373 1152 proavis
387 1111 534 1149 Samnis,-
555 1114 606 1145 Ιιίσ
628 1114 715 1145 Deus
738 1117 791 1145 est
814 1116 942 1154 quartus
967 1112 1092 1152 utrique
1117 1111 1251 1143 nationi.
1300 1112 1342 1143 Ut
1360 1111 1511 1143 Romulus

57 1157 216 1192 superaret
231 1154 286 1184 hos
301 1165 403 1186 omnes
415 1156 523 1186 saltem
532 1157 625 1196 serie,
638 1158 769 1186 asseruit
779 1157 881 1195 prima
897 1158 1033 1194 tempora
1049 1155 1170 1184 auctori
1183 1154 1354 1193 sanguinis.

632 1201 703 1238 quot
718 1208 808 1228 nunc.
854 1198 913 1227 Ille
934 1206 1031 1227 annus
1054 1199 1120 1226 erat
1137 1195 1258 1226 brevior
1272 1196 1387 1226 duobus
1401 1196 1514 1226 memi-

166 1237 313 1269 Nondum
323 1239 503 1279 praebueras
512 1243 596 1270 artes
607 1240 749 1270 subactas
764 1239 941 1275 victoribus,
956 1237 1094 1276 Gravia,
1106 1247 1183 1275 gens
1199 1238 1328 1276 diserta,
1337 1239 1390 1267 sed
1400 1247 1512 1277 parum

57 1195 178 1267 miqui
190 1196 362 1227 habuerunt
378 1200 422 1227 tot
439 1198 609 1237 Kalendas,

1400 1155 1512 1194 Neque

56 1282 191 1311 strenua.
237 1280 301 1315 Qui
326 1281 399 1312 bene
422 1284 596 1313 certat-erat
620 1281 751 1312 habebat
772 1283 962 1321 perspectam
985 1282 1085 1310 artem
1101 1279 1292 1310 Romanam.-
1316 1279 1369 1320 qui
1390 1282 1514 1320 poterat

667 1376 783 1388 oooooo

786 1375 902 1388 eeeeee

57 1437 178 1471 Heius.
218 1439 374 1480 Fer-entis,
388 1440 478 1482 quod
505 1446 541 1473 et
564 1442 702 1474 Marsus
720 1442 887 1483 agnoscit,
908 1444 944 1472 et
959 1449 1020 1481 pro
1038 1439 1229 1471 Ferentinis
1244 1439 1434 1480 capit.—96
1459 1440 1514 1472 Fr.

56 1481 129 1514 huic
143 1491 206 1523 pro
221 1481 386 1514 hia—101
414 1484 602 1515 Tradideras
617 1494 660 1516 ex
677 1495 744 1516 uno
768 1484 863 1516 Med.
880 1483 1001 1515 Heius.
1025 1482 1200 1522 rescripsit
1226 1491 1286 1521 pro
1304 1482 1392 1522 vulg.
1415 1483 1515 1514 tradi-

56 1525 157 1555 derue.
200 1524 241 1556 ln
257 1525 322 1556 alio
339 1525 439 1556 etiam
459 1526 550 1558 Med.
567 1532 602 1558 et
616 1527 657 1558 V.
671 1529 776 1558 doctas
800 1536 862 1567 pro
882 1526 991 1566 victas,
1006 1525 1096 1566 quod
1114 1525 1230 1555 Burm.
1253 1523 1439 1564 simplicius
1454 1535 1517 1565 pu.

58 1569 110 1597 tat
133 1570 169 1597 et
193 1567 365 1607 apertius:
391 1568 424 1598 in
450 1569 517 1600 aiio
541 1573 648 1606 actam
671 1570 760 1601 unde
781 1569 901 1601 Heius.
928 1568 1018 1608 conj.
1033 1568 1259 1598 auctam—103
1286 1566 1451 1606 Pugnarat
1471 1576 1515 1598 ex

59 1608 167 1640 tribus
181 1609 342 1651 scriptis;
377 1611 484 1642 ceteri
496 1612 775 1652 pugnabam—104
798 1611 944 1643 Plurimi
967 1610 1076 1643 Codd.
1093 1609 1155 1640 teta
1178 1618 1239 1649 pro
1259 1608 1444 1649 pum—105
1470 1609 1511 1641 R.

714 1727 851 1760 NOTAE

58 1817 179 1845 cerunt
194 1817 253 1845 aut
268 1813 458 1845 habuerent
476 1815 674 1854 Laurentes,
687 1815 759 1847 scil.

101 1864 286 1904 lauterna]
319 1865 387 1898 Qui
416 1866 622 1897 Laurentum
648 1866 759 1897 Latini

59 1914 186 1955 regiam
204 1920 398 1946 tenuerunt.

101 1964 293 2005 AEquicozua]
308 1965 420 2005 AEqui,
435 1965 616 2006 AEquicoii,
631 1975 690 1996 seu
706 1965 759 1996 ΙΕ-

58 2013 185 2055 quicuii
213 2013 331 2054 populi
357 2012 494 2045 fuerunt
518 2014 608 2045 iuter
624 2014 757 2046 Marsos

58 2067 94 2096 et
107 2063 287 2096 Hernicos.

99 2112 216 2154 Asper]
239 2114 329 2147 Quia
341 2113 375 2144 in
391 2113 474 2145 dura
491 2118 584 2146 terra
597 2115 709 2156 AEqui,
721 2119 758 2146 ut

59 2164 208 2206 loquitur
223 2164 339 2202 Msr03
367 2163 491 2206 quique
511 2164 521 2180 ⁴
539 2164 673 2196 Armati
690 2169 758 2196 ter-

59 2224 131 2247 ram
156 2220 340 2254 exercent;
372 2224 575 2257 semperque
601 2221 758 2248 recentes

60 2265 272 2298 Convectare
293 2266 396 2307 juvat
421 2265 568 2307 praedas,
591 2271 627 2298 et
644 2266 758 2298 vivere

61 2316 181 2358 rupto!

101 2368 143 2399 ⁹⁴
164 2366 193 2399 A
209 2366 324 2408 tribus]
348 2368 516 2400 Quartum
529 2367 694 2408 adeoque.

104 2416 264 2459 Curensis]
295 2417 400 2449 Cures
430 2417 634 2449 Sabinorum
658 2417 758 2449 intel-

61 2466 139 2509 lige.

102 2519 143 2549 95
160 2517 270 2558 Miles]
293 2518 333 2550 In
348 2518 451 2550 decus
466 2527 535 2550 suae
551 2519 662 2558 gentis
674 2517 760 2550 dixit

63 2567 152 2600 istud
165 2568 199 2601 in
213 2569 363 2609 Pelignis
374 2573 510 2600 creatus
526 2569 630 2600 Naso.

107 2617 253 2660 Peligna]
267 2620 364 2651 Uitru
380 2619 511 2651 Marsos
525 2618 676 2659 fuerunt,
690 2629 758 2650 ma-

66 2666 115 2708 gis
127 2667 171 2699 nd
185 2677 277 2700 mure
302 2668 526 2708 Adriaticum,
543 2679 659 2701 versus
680 2670 759 2700 Ori-

66 2720 190 2748 entem.
234 2718 263 2749 Α
285 2717 418 2751 Sabinis
433 2725 526 2752 ortos
542 2720 653 2760 viden
676 2725 760 2752 tam-

67 2767 131 2799 etsi
147 2766 320 2807 myricam
335 2778 440 2809 genus
456 2769 539 2802 fucit
555 2771 688 2803 Festus.

108 2819 151 2849 9⁰
174 2815 339 2857 Convenit]
359 2818 449 2851 Quis
463 2829 482 2852 ι
494 2819 628 2853 Sabinis
643 2825 679 2852 et
695 2821 759 2854 Pe-

814 1814 912 1854 lignis
951 1812 1098 1844 Martius
1135 1811 1259 1844 mensis
1287 1814 1406 1853 quarto
1437 1811 1514 1844 loco

814 1869 1021 1896 numeratus.

857 1914 1013 1954 Quartus]
1029 1914 1117 1946 Quia
1130 1913 1236 1944 Marti
1250 1918 1409 1954 quartum
1423 1922 1516 1944 men-

812 1974 882 1996 sem
899 1964 1111 1995 dicaverunt.

854 2017 895 2046 97
922 2012 1056 2052 Ordine]
1090 2013 1168 2044 Non
1196 2022 1253 2050 re;
1285 2013 1450 2053 siquidem
1478 2018 1515 2045 et

813 2065 868 2097 alii
887 2064 993 2096 Marti
1018 2073 1168 2095 mensem
1195 2072 1296 2094 unum
1321 2072 1516 2094 consecras·

813 2119 902 2156 sent,
916 2123 1109 2156 quanquam
1133 2122 1198 2144 non
1224 2113 1369 2155 primum
1383 2112 1515 2153 ordine,

812 2170 849 2197 ut
866 2165 1042 2196 Romulus.

854 2219 896 2247 98
919 2215 1090 2255 Sanguinis
1102 2214 1236 2255 auctori]
1259 2214 1377 2254 Marti,
1399 2213 1472 2246 scil.

855 2269 899 2298 99
920 2265 1095 2305 Kalendas]
1120 2266 1187 2296 Pro
1203 2264 1374 2296 mensibus
1388 2263 1515 2305 posuit.

857 2320 916 2348 101
946 2315 1106 2356 Nondum]
1129 2316 1245 2356 Longo
1258 2315 1347 2346 enim
1361 2320 1515 2355 tempore

813 2378 833 2399 a
850 2367 1008 2405 Romulo,
1024 2371 1127 2408 atque
1143 2371 1221 2407 post
1234 2365 1324 2396 bena
1338 2365 1483 2404 Punica,
1495 2373 1516 2395 s

813 2419 976 2452 Romanis
992 2417 1135 2448 subacta
1150 2415 1300 2447 Graecia.

862 2467 981 2507 Victus]
1006 2467 1159 2507 Quaeque
1174 2464 1258 2496 adeo
1275 2468 1395 2504 postea
1409 2463 1515 2496 victo·

816 2520 908 2551 ribus
920 2519 988 2550 suis
999 2518 1165 2557 faverent,
1175 2522 1210 2548 et
1227 2515 1386 2547 scientias
1397 2513 1517 2546 edoce-

812 2574 900 2602 rent.

859 2623 918 2651 102
943 2619 1029 2650 Male
1047 2617 1151 2657 sorte]
1175 2617 1252 2649 Non
1276 2616 1376 2647 modo
1392 2615 1471 2656 quis
1495 2624 1514 2644 a

815 2670 976 2702 Romanis
990 2668 1085 2709 victi,
1095 2667 1154 2700 sed
1170 2667 1250 2708 quia
1265 2671 1359 2697 certe
1375 2663 1513 2695 cffoemi-

814 2720 885 2752 usti
898 2729 964 2761 quo
980 2725 1133 2759 tempore
1149 2717 1242 2758 capti
1257 2720 1347 2747 sunt.

860 2774 920 2802 10³
945 2767 1132 2809 Romanam]
1153 2769 1240 2801 Quae
1267 2769 1338 2796 totu
1362 2763 1395 2794 in
1411 2760 1512 2795 armis

814 2819 889 2855 fuit.
