<?xml version="1.0" encoding="UTF-8"?>
<!DOCTYPE html PUBLIC "-//W3C//DTD XHTML 1.0 Transitional//EN"
    "http://www.w3.org/TR/xhtml1/DTD/xhtml1-transitional.dtd">
<html xmlns="http://www.w3.org/1999/xhtml" xml:lang="en" lang="en">
 <head>
  <title>
</title>
<meta http-equiv="Content-Type" content="text/html;charset=utf-8" />
  <meta name='ocr-system' content='tesseract 3.04.00' />
  <meta name='ocr-capabilities' content='ocr_page ocr_carea ocr_par ocr_line ocrx_word'/>
</head>
<body>
  <div class='ocr_page' id='page_1' title='image "./operaomniaexedit04oviduoft_0338.png"; bbox 0 0 1773 3121; ppageno 0'>
   <div class='ocr_carea' id='block_1_1' title="bbox 201 249 1171 292">
    <p class='ocr_par' dir='ltr' id='par_1_1' title="bbox 201 249 1171 292">
     <span class='ocr_line' id='line_1_1' title="bbox 201 249 1171 292; baseline 0.001 -2"><span class='ocrx_word' id='word_1_1' title='bbox 201 249 314 292; x_wconf 82' lang='lat'>1956</span> <span class='ocrx_word' id='word_1_2' title='bbox 689 261 732 291; x_wconf 87' lang='lat' dir='ltr'><strong>P.</strong></span> <span class='ocrx_word' id='word_1_3' title='bbox 765 259 924 290; x_wconf 78' lang='lat' dir='ltr'><strong>ovum</strong></span> <span class='ocrx_word' id='word_1_4' title='bbox 957 259 1171 291; x_wconf 77' lang='lat' dir='ltr'><strong>NAsoms</strong></span> 
     </span>
    </p>
   </div>
   <div class='ocr_carea' id='block_1_2' title="bbox 192 353 1652 1132">
    <p class='ocr_par' dir='ltr' id='par_1_2' title="bbox 192 353 1652 1132">
     <span class='ocr_line' id='line_1_2' title="bbox 202 353 1300 410; baseline 0.003 -16"><span class='ocrx_word' id='word_1_5' title='bbox 202 353 312 395; x_wconf 91' lang='lat' dir='ltr'><strong>Cum</strong></span> <span class='ocrx_word' id='word_1_6' title='bbox 334 359 472 408; x_wconf 86' lang='lat' dir='ltr'><strong>raptae</strong></span> <span class='ocrx_word' id='word_1_7' title='bbox 493 355 672 396; x_wconf 81' lang='lat' dir='ltr'><strong>veniunt</strong></span> <span class='ocrx_word' id='word_1_8' title='bbox 691 355 795 396; x_wconf 85' lang='lat' dir='ltr'><strong>inter</strong></span> <span class='ocrx_word' id='word_1_9' title='bbox 814 359 1046 410; x_wconf 84' lang='lat' dir='ltr'><strong>patresque</strong></span> <span class='ocrx_word' id='word_1_10' title='bbox 1067 356 1272 409; x_wconf 85' lang='lat' dir='ltr'><strong>virosque</strong></span> <span class='ocrx_word' id='word_1_11' title='bbox 1289 368 1300 406; x_wconf 92' lang='grc'><strong>;</strong></span> 
     </span>
     <span class='ocr_line' id='line_1_3' title="bbox 258 421 1196 476; baseline 0.002 -15"><span class='ocrx_word' id='word_1_12' title='bbox 258 421 400 474; x_wconf 86' lang='lat' dir='ltr'>Inque</span> <span class='ocrx_word' id='word_1_13' title='bbox 421 422 521 462; x_wconf 88' lang='lat' dir='ltr'><strong>sinu</strong></span> <span class='ocrx_word' id='word_1_14' title='bbox 540 426 682 471; x_wconf 83' lang='lat' dir='ltr'><strong>natos,</strong></span> <span class='ocrx_word' id='word_1_15' title='bbox 705 424 886 476; x_wconf 82' lang='lat' dir='ltr'><strong>pignora</strong></span> <span class='ocrx_word' id='word_1_16' title='bbox 906 436 1021 472; x_wconf 81' lang='lat' dir='ltr'><strong>cara,</strong></span> <span class='ocrx_word' id='word_1_17' title='bbox 1044 423 1196 463; x_wconf 84' lang='lat' dir='ltr'><strong>ferunt.</strong></span> 
     </span>
     <span class='ocr_line' id='line_1_4' title="bbox 201 487 1216 543; baseline 0.002 -15"><span class='ocrx_word' id='word_1_18' title='bbox 201 487 264 528; x_wconf 83' lang='lat' dir='ltr'><strong>Ut</strong></span> <span class='ocrx_word' id='word_1_19' title='bbox 283 488 477 529; x_wconf 84' lang='lat' dir='ltr'><strong>medium</strong></span> <span class='ocrx_word' id='word_1_20' title='bbox 497 491 640 542; x_wconf 83' lang='lat' dir='ltr'><strong>campi</strong></span> <span class='ocrx_word' id='word_1_21' title='bbox 661 491 808 543; x_wconf 80' lang='lat' dir='ltr'><strong>passis</strong></span> <span class='ocrx_word' id='word_1_22' title='bbox 834 491 1006 542; x_wconf 75' lang='lat' dir='ltr'><strong>tetigere</strong></span> <span class='ocrx_word' id='word_1_23' title='bbox 1029 490 1216 543; x_wconf 83' lang='lat' dir='ltr'><strong>capilliS,</strong></span> 
     </span>
     <span class='ocr_line' id='line_1_5' title="bbox 255 554 1652 610; baseline 0.004 -15"><span class='ocrx_word' id='word_1_24' title='bbox 255 554 307 594; x_wconf 91' lang='lat' dir='ltr'><strong>In</strong></span> <span class='ocrx_word' id='word_1_25' title='bbox 329 559 482 596; x_wconf 85' lang='lat' dir='ltr'><strong>terram</strong></span> <span class='ocrx_word' id='word_1_26' title='bbox 503 557 650 609; x_wconf 87' lang='lat' dir='ltr'><strong>posito</strong></span> <span class='ocrx_word' id='word_1_27' title='bbox 678 558 947 610; x_wconf 81' lang='lat' dir='ltr'>procubuere</span> <span class='ocrx_word' id='word_1_28' title='bbox 970 571 1081 610; x_wconf 82' lang='lat' dir='ltr'><strong>genu</strong></span> <span class='ocrx_word' id='word_1_29' title='bbox 1101 571 1110 598; x_wconf 92' lang='lat'>:</span> <span class='ocrx_word' id='word_1_30' title='bbox 1566 557 1652 601; x_wconf 77' lang='lat'><strong>220</strong></span> 
     </span>
     <span class='ocr_line' id='line_1_6' title="bbox 197 620 1265 677; baseline 0.003 -17"><span class='ocrx_word' id='word_1_31' title='bbox 197 620 267 670; x_wconf 89' lang='lat' dir='ltr'><strong>Et,</strong></span> <span class='ocrx_word' id='word_1_32' title='bbox 291 623 419 674; x_wconf 84' lang='lat' dir='ltr'>quasi</span> <span class='ocrx_word' id='word_1_33' title='bbox 441 625 665 673; x_wconf 73' lang='lat' dir='ltr'><strong>sentirent,</strong></span> <span class='ocrx_word' id='word_1_34' title='bbox 685 625 846 665; x_wconf 84' lang='lat' dir='ltr'><strong>blando</strong></span> <span class='ocrx_word' id='word_1_35' title='bbox 868 626 1057 666; x_wconf 82' lang='lat' dir='ltr'><strong>clamore</strong></span> <span class='ocrx_word' id='word_1_36' title='bbox 1078 628 1265 677; x_wconf 79' lang='lat' dir='ltr'><strong>nepotes</strong></span> 
     </span>
     <span class='ocr_line' id='line_1_7' title="bbox 255 689 1210 745; baseline 0.004 -16"><span class='ocrx_word' id='word_1_37' title='bbox 255 689 511 731; x_wconf 79' lang='lat' dir='ltr'><strong>Tendebant</strong></span> <span class='ocrx_word' id='word_1_38' title='bbox 529 692 582 731; x_wconf 84' lang='lat' dir='ltr'><strong>ad</strong></span> <span class='ocrx_word' id='word_1_39' title='bbox 604 705 712 732; x_wconf 82' lang='lat' dir='ltr'><strong>avos</strong></span> <span class='ocrx_word' id='word_1_40' title='bbox 732 692 913 733; x_wconf 82' lang='lat' dir='ltr'><strong>brachia</strong></span> <span class='ocrx_word' id='word_1_41' title='bbox 934 705 1071 745; x_wconf 81' lang='lat' dir='ltr'><strong>parva</strong></span> <span class='ocrx_word' id='word_1_42' title='bbox 1090 704 1210 733; x_wconf 88' lang='lat' dir='ltr'><strong>suos.</strong></span> 
     </span>
     <span class='ocr_line' id='line_1_8' title="bbox 197 753 1424 812; baseline 0.004 -17"><span class='ocrx_word' id='word_1_43' title='bbox 197 753 288 805; x_wconf 85' lang='lat' dir='ltr'><strong>Qui</strong></span> <span class='ocrx_word' id='word_1_44' title='bbox 310 762 499 809; x_wconf 80' lang='lat' dir='ltr'><strong>poterat,</strong></span> <span class='ocrx_word' id='word_1_45' title='bbox 520 759 740 800; x_wconf 80' lang='lat' dir='ltr'><strong>clamabat</strong></span> <span class='ocrx_word' id='word_1_46' title='bbox 760 772 907 807; x_wconf 85' lang='lat' dir='ltr'><strong>avum,</strong></span> <span class='ocrx_word' id='word_1_47' title='bbox 930 762 1021 799; x_wconf 88' lang='lat' dir='ltr'><strong>tum</strong></span> <span class='ocrx_word' id='word_1_48' title='bbox 1043 758 1232 812; x_wconf 87' lang='lat' dir='ltr'><strong>denique</strong></span> <span class='ocrx_word' id='word_1_49' title='bbox 1252 762 1424 800; x_wconf 87' lang='lat' dir='ltr'><strong>visum:</strong></span> 
     </span>
     <span class='ocr_line' id='line_1_9' title="bbox 253 822 1187 877; baseline 0.003 -14"><span class='ocrx_word' id='word_1_50' title='bbox 253 822 309 864; x_wconf 85' lang='lat' dir='ltr'><strong>Et</strong></span> <span class='ocrx_word' id='word_1_51' title='bbox 330 824 404 876; x_wconf 90' lang='lat' dir='ltr'><strong>qui</strong></span> <span class='ocrx_word' id='word_1_52' title='bbox 426 825 504 864; x_wconf 80' lang='lat' dir='ltr'><strong>vix</strong></span> <span class='ocrx_word' id='word_1_53' title='bbox 523 829 708 877; x_wconf 81' lang='lat' dir='ltr'><strong>poterat,</strong></span> <span class='ocrx_word' id='word_1_54' title='bbox 729 837 863 876; x_wconf 82' lang='lat' dir='ltr'><strong>posse</strong></span> <span class='ocrx_word' id='word_1_55' title='bbox 883 828 1063 864; x_wconf 86' lang='lat' dir='ltr'><strong>coactus</strong></span> <span class='ocrx_word' id='word_1_56' title='bbox 1083 830 1187 866; x_wconf 80' lang='lat' dir='ltr'><strong>erat.</strong></span> 
     </span>
     <span class='ocr_line' id='line_1_10' title="bbox 193 888 1647 942; baseline 0.003 -13"><span class='ocrx_word' id='word_1_57' title='bbox 193 888 304 930; x_wconf 83' lang='lat' dir='ltr'><strong>Tela</strong></span> <span class='ocrx_word' id='word_1_58' title='bbox 324 890 427 930; x_wconf 84' lang='lat' dir='ltr'><strong>viris</strong></span> <span class='ocrx_word' id='word_1_59' title='bbox 451 891 711 942; x_wconf 84' lang='lat' dir='ltr'><strong>animusque</strong></span> <span class='ocrx_word' id='word_1_60' title='bbox 734 890 917 930; x_wconf 83' lang='lat' dir='ltr'><strong>cadunt:</strong></span> <span class='ocrx_word' id='word_1_61' title='bbox 950 890 1196 942; x_wconf 84' lang='lat' dir='ltr'><strong>gladiisque</strong></span> <span class='ocrx_word' id='word_1_62' title='bbox 1216 893 1397 934; x_wconf 89' lang='lat' dir='ltr'><strong>remotis</strong></span> <span class='ocrx_word' id='word_1_63' title='bbox 1563 892 1647 934; x_wconf 77' lang='lat'><strong>225</strong></span> 
     </span>
     <span class='ocr_line' id='line_1_11' title="bbox 251 955 1280 1009; baseline 0.003 -14"><span class='ocrx_word' id='word_1_64' title='bbox 251 955 372 995; x_wconf 74' lang='lat' dir='ltr'><strong>Dant</strong></span> <span class='ocrx_word' id='word_1_65' title='bbox 393 957 529 997; x_wconf 85' lang='lat' dir='ltr'><strong>soceri</strong></span> <span class='ocrx_word' id='word_1_66' title='bbox 550 957 734 1008; x_wconf 82' lang='lat' dir='ltr'><strong>generis,</strong></span> <span class='ocrx_word' id='word_1_67' title='bbox 757 956 1087 1009; x_wconf 80' lang='lat' dir='ltr'><strong>accipiuntque,</strong></span> <span class='ocrx_word' id='word_1_68' title='bbox 1109 970 1280 999; x_wconf 83' lang='lat' dir='ltr'><strong>manus.</strong></span> 
     </span>
     <span class='ocr_line' id='line_1_12' title="bbox 192 1021 1318 1077; baseline 0.003 -15"><span class='ocrx_word' id='word_1_69' title='bbox 192 1021 507 1076; x_wconf 76' lang='lat' dir='ltr'><strong>Laudatasque</strong></span> <span class='ocrx_word' id='word_1_70' title='bbox 530 1027 675 1063; x_wconf 87' lang='lat' dir='ltr'><strong>tenent</strong></span> <span class='ocrx_word' id='word_1_71' title='bbox 693 1027 820 1064; x_wconf 75' lang='lat' dir='ltr'><strong>natas</strong></span> <span class='ocrx_word' id='word_1_72' title='bbox 838 1037 849 1074; x_wconf 91' lang='lat'>;</span> <span class='ocrx_word' id='word_1_73' title='bbox 881 1027 1093 1077; x_wconf 81' lang='lat' dir='ltr'><strong>scutoque</strong></span> <span class='ocrx_word' id='word_1_74' title='bbox 1113 1030 1318 1077; x_wconf 85' lang='lat' dir='ltr'><strong>nepotem</strong></span> 
     </span>
     <span class='ocr_line' id='line_1_13' title="bbox 250 1088 1192 1132; baseline 0.003 -3"><span class='ocrx_word' id='word_1_75' title='bbox 250 1088 352 1130; x_wconf 83' lang='lat' dir='ltr'><strong>Fert</strong></span> <span class='ocrx_word' id='word_1_76' title='bbox 373 1103 483 1130; x_wconf 82' lang='lat' dir='ltr'><strong>avus</strong></span> <span class='ocrx_word' id='word_1_77' title='bbox 501 1104 510 1131; x_wconf 82' lang='lat'>2</span> <span class='ocrx_word' id='word_1_78' title='bbox 542 1091 611 1131; x_wconf 89' lang='lat' dir='ltr'><strong>hic</strong></span> <span class='ocrx_word' id='word_1_79' title='bbox 633 1092 746 1131; x_wconf 80' lang='lat' dir='ltr'><strong>scuti</strong></span> <span class='ocrx_word' id='word_1_80' title='bbox 768 1090 934 1131; x_wconf 86' lang='lat' dir='ltr'><strong>dulcior</strong></span> <span class='ocrx_word' id='word_1_81' title='bbox 954 1103 1061 1131; x_wconf 87' lang='lat' dir='ltr'><strong>usus</strong></span> <span class='ocrx_word' id='word_1_82' title='bbox 1083 1096 1192 1132; x_wconf 82' lang='lat' dir='ltr'><strong>erat.</strong></span> 
     </span>
    </p>
   </div>
   <div class='ocr_carea' id='block_1_3' title="bbox 182 1220 1648 1474">
    <p class='ocr_par' dir='ltr' id='par_1_3' title="bbox 182 1220 1648 1474">
     <span class='ocr_line' id='line_1_14' title="bbox 188 1220 1648 1263; baseline 0 -13"><span class='ocrx_word' id='word_1_83' title='bbox 188 1223 270 1250; x_wconf 76' lang='lat' dir='ltr'><strong>iores</strong></span> <span class='ocrx_word' id='word_1_84' title='bbox 285 1222 315 1250; x_wconf 76' lang='lat' dir='ltr'><strong>et</strong></span> <span class='ocrx_word' id='word_1_85' title='bbox 329 1220 469 1259; x_wconf 72' lang='lat' dir='ltr'><strong>maritos,</strong></span> <span class='ocrx_word' id='word_1_86' title='bbox 482 1223 512 1250; x_wconf 78' lang='lat' dir='ltr'><strong>et</strong></span> <span class='ocrx_word' id='word_1_87' title='bbox 519 1221 631 1259; x_wconf 78' lang='lat' dir='ltr'><strong>ferunt</strong></span> <span class='ocrx_word' id='word_1_88' title='bbox 648 1223 679 1252; x_wconf 80' lang='lat' dir='ltr'><strong>in</strong></span> <span class='ocrx_word' id='word_1_89' title='bbox 690 1223 810 1261; x_wconf 79' lang='lat' dir='ltr'><strong>gremio</strong></span> <span class='ocrx_word' id='word_1_90' title='bbox 825 1223 935 1253; x_wconf 79' lang='lat' dir='ltr'><strong>liberos</strong></span> <span class='ocrx_word' id='word_1_91' title='bbox 948 1224 1082 1263; x_wconf 86' lang='lat' dir='ltr'><strong>pignora</strong></span> <span class='ocrx_word' id='word_1_92' title='bbox 1097 1224 1219 1254; x_wconf 75' lang='lat' dir='ltr'><strong>dilectu.</strong></span> <span class='ocrx_word' id='word_1_93' title='bbox 1264 1223 1433 1263; x_wconf 75' lang='lat' dir='ltr'><strong>Postquam</strong></span> <span class='ocrx_word' id='word_1_94' title='bbox 1447 1224 1596 1252; x_wconf 78' lang='lat' dir='ltr'><strong>venerunt</strong></span> <span class='ocrx_word' id='word_1_95' title='bbox 1615 1220 1648 1250; x_wconf 75' lang='lat' dir='ltr'><strong>in</strong></span> 
     </span>
     <span class='ocr_line' id='line_1_15' title="bbox 189 1262 1648 1306; baseline 0.001 -15"><span class='ocrx_word' id='word_1_96' title='bbox 189 1262 323 1292; x_wconf 83' lang='lat' dir='ltr'><strong>medium</strong></span> <span class='ocrx_word' id='word_1_97' title='bbox 338 1263 482 1301; x_wconf 73' lang='lat' dir='ltr'><strong>planitiei</strong></span> <span class='ocrx_word' id='word_1_98' title='bbox 498 1263 608 1293; x_wconf 78' lang='lat' dir='ltr'><strong>laceris</strong></span> <span class='ocrx_word' id='word_1_99' title='bbox 623 1265 728 1303; x_wconf 72' lang='lat' dir='ltr'><strong>comis,</strong></span> <span class='ocrx_word' id='word_1_100' title='bbox 751 1274 815 1295; x_wconf 85' lang='lat' dir='ltr'><strong>sese</strong></span> <span class='ocrx_word' id='word_1_101' title='bbox 829 1265 1022 1295; x_wconf 77' lang='lat' dir='ltr'><strong>immiserunt</strong></span> <span class='ocrx_word' id='word_1_102' title='bbox 1039 1269 1134 1296; x_wconf 81' lang='lat' dir='ltr'><strong>terroe</strong></span> <span class='ocrx_word' id='word_1_103' title='bbox 1147 1267 1237 1306; x_wconf 72' lang='lat' dir='ltr'><strong>flexo</strong></span> <span class='ocrx_word' id='word_1_104' title='bbox 1250 1275 1340 1303; x_wconf 80' lang='lat' dir='ltr'><strong>genu.</strong></span> <span class='ocrx_word' id='word_1_105' title='bbox 1386 1265 1432 1295; x_wconf 81' lang='lat' dir='ltr'><strong>Et</strong></span> <span class='ocrx_word' id='word_1_106' title='bbox 1446 1263 1534 1303; x_wconf 78' lang='lat' dir='ltr'><strong>quasi</strong></span> <span class='ocrx_word' id='word_1_107' title='bbox 1557 1264 1648 1293; x_wconf 75' lang='lat' dir='ltr'><strong>intel-</strong></span> 
     </span>
     <span class='ocr_line' id='line_1_16' title="bbox 189 1304 1646 1345; baseline -0.001 -10"><span class='ocrx_word' id='word_1_108' title='bbox 189 1304 332 1344; x_wconf 75' lang='lat' dir='ltr'><strong>ligerem,</strong></span> <span class='ocrx_word' id='word_1_109' title='bbox 358 1308 481 1344; x_wconf 78' lang='lat' dir='ltr'><strong>nepotes</strong></span> <span class='ocrx_word' id='word_1_110' title='bbox 501 1306 704 1345; x_wconf 75' lang='lat' dir='ltr'><strong>porrigebant</strong></span> <span class='ocrx_word' id='word_1_111' title='bbox 729 1317 826 1345; x_wconf 77' lang='lat' dir='ltr'><strong>parva</strong></span> <span class='ocrx_word' id='word_1_112' title='bbox 854 1307 978 1337; x_wconf 74' lang='lat' dir='ltr'><strong>brachia</strong></span> <span class='ocrx_word' id='word_1_113' title='bbox 1003 1308 1132 1338; x_wconf 82' lang='lat' dir='ltr'><strong>clamore</strong></span> <span class='ocrx_word' id='word_1_114' title='bbox 1156 1307 1282 1338; x_wconf 77' lang='lat' dir='ltr'><em>amabili</em></span> <span class='ocrx_word' id='word_1_115' title='bbox 1309 1308 1350 1336; x_wconf 79' lang='lat' dir='ltr'><strong>ad</strong></span> <span class='ocrx_word' id='word_1_116' title='bbox 1370 1315 1440 1336; x_wconf 79' lang='lat' dir='ltr'><strong>suos</strong></span> <span class='ocrx_word' id='word_1_117' title='bbox 1454 1315 1535 1336; x_wconf 73' lang='lat' dir='ltr'><strong>avos.</strong></span> <span class='ocrx_word' id='word_1_118' title='bbox 1582 1305 1646 1339; x_wconf 70' lang='lat' dir='ltr'><strong>Qui</strong></span> 
     </span>
     <span class='ocr_line' id='line_1_17' title="bbox 182 1347 1647 1390; baseline 0.001 -14"><span class='ocrx_word' id='word_1_119' title='bbox 182 1349 319 1387; x_wconf 77' lang='lat' dir='ltr'><strong>poterat,</strong></span> <span class='ocrx_word' id='word_1_120' title='bbox 334 1347 484 1377; x_wconf 76' lang='lat' dir='ltr'><strong>clmnabat</strong></span> <span class='ocrx_word' id='word_1_121' title='bbox 509 1358 598 1378; x_wconf 74' lang='lat' dir='ltr'><strong>arum</strong></span> <span class='ocrx_word' id='word_1_122' title='bbox 624 1352 690 1378; x_wconf 79' lang='lat' dir='ltr'><strong>tum</strong></span> <span class='ocrx_word' id='word_1_123' title='bbox 712 1350 842 1389; x_wconf 79' lang='lat' dir='ltr'><strong>denique</strong></span> <span class='ocrx_word' id='word_1_124' title='bbox 867 1353 1054 1389; x_wconf 74' lang='lat' dir='ltr'><strong>conspectum</strong></span> <span class='ocrx_word' id='word_1_125' title='bbox 1067 1360 1078 1385; x_wconf 89' lang='lat'><em>;</em></span> <span class='ocrx_word' id='word_1_126' title='bbox 1104 1358 1133 1380; x_wconf 80' lang='lat' dir='ltr'><strong>et</strong></span> <span class='ocrx_word' id='word_1_127' title='bbox 1158 1351 1212 1390; x_wconf 79' lang='lat' dir='ltr'><strong>qui</strong></span> <span class='ocrx_word' id='word_1_128' title='bbox 1227 1351 1282 1380; x_wconf 74' lang='lat' dir='ltr'><strong>vix</strong></span> <span class='ocrx_word' id='word_1_129' title='bbox 1303 1351 1425 1388; x_wconf 77' lang='lat' dir='ltr'><strong>poterat</strong></span> <span class='ocrx_word' id='word_1_130' title='bbox 1441 1350 1510 1378; x_wconf 81' lang='lat' dir='ltr'><strong>erat</strong></span> <span class='ocrx_word' id='word_1_131' title='bbox 1524 1350 1647 1377; x_wconf 77' lang='lat' dir='ltr'><strong>coactus</strong></span> 
     </span>
     <span class='ocr_line' id='line_1_18' title="bbox 185 1390 1646 1431; baseline -0.001 -12"><span class='ocrx_word' id='word_1_132' title='bbox 185 1398 285 1429; x_wconf 79' lang='lat' dir='ltr'><strong>posse.</strong></span> <span class='ocrx_word' id='word_1_133' title='bbox 330 1390 428 1419; x_wconf 83' lang='lat' dir='ltr'><strong>Arma</strong></span> <span class='ocrx_word' id='word_1_134' title='bbox 444 1393 535 1428; x_wconf 82' lang='lat' dir='ltr'><strong>atque</strong></span> <span class='ocrx_word' id='word_1_135' title='bbox 549 1392 668 1420; x_wconf 79' lang='lat' dir='ltr'><strong>animus</strong></span> <span class='ocrx_word' id='word_1_136' title='bbox 683 1391 829 1421; x_wconf 76' lang='lat' dir='ltr'><strong>excidunt</strong></span> <span class='ocrx_word' id='word_1_137' title='bbox 846 1392 934 1429; x_wconf 78' lang='lat' dir='ltr'><strong>viris,</strong></span> <span class='ocrx_word' id='word_1_138' title='bbox 957 1395 987 1422; x_wconf 84' lang='lat' dir='ltr'><strong>et</strong></span> <span class='ocrx_word' id='word_1_139' title='bbox 1003 1392 1123 1422; x_wconf 81' lang='lat' dir='ltr'><strong>ensibus</strong></span> <span class='ocrx_word' id='word_1_140' title='bbox 1145 1393 1256 1431; x_wconf 77' lang='lat' dir='ltr'><strong>positis</strong></span> <span class='ocrx_word' id='word_1_141' title='bbox 1269 1391 1364 1422; x_wconf 78' lang='lat' dir='ltr'><strong>soceri</strong></span> <span class='ocrx_word' id='word_1_142' title='bbox 1379 1391 1454 1421; x_wconf 79' lang='lat' dir='ltr'><strong>dant</strong></span> <span class='ocrx_word' id='word_1_143' title='bbox 1470 1398 1578 1419; x_wconf 77' lang='lat' dir='ltr'><strong>manus</strong></span> <span class='ocrx_word' id='word_1_144' title='bbox 1592 1399 1646 1427; x_wconf 87' lang='lat' dir='ltr'><strong>ge-</strong></span> 
     </span>
     <span class='ocr_line' id='line_1_19' title="bbox 187 1431 1643 1474; baseline -0.001 -12"><span class='ocrx_word' id='word_1_145' title='bbox 187 1431 282 1471; x_wconf 77' lang='lat' dir='ltr'><strong>neris,</strong></span> <span class='ocrx_word' id='word_1_146' title='bbox 297 1434 389 1471; x_wconf 78' lang='lat' dir='ltr'><strong>atque</strong></span> <span class='ocrx_word' id='word_1_147' title='bbox 403 1432 569 1471; x_wconf 77' lang='lat' dir='ltr'><strong>accipiunt.</strong></span> <span class='ocrx_word' id='word_1_148' title='bbox 607 1433 651 1462; x_wconf 82' lang='lat' dir='ltr'><strong>Et</strong></span> <span class='ocrx_word' id='word_1_149' title='bbox 665 1434 989 1473; x_wconf 75' lang='lat' dir='ltr'><strong>amplectuntur-filias</strong></span> <span class='ocrx_word' id='word_1_150' title='bbox 1002 1434 1183 1472; x_wconf 72' lang='lat' dir='ltr'><strong>celebratas,</strong></span> <span class='ocrx_word' id='word_1_151' title='bbox 1199 1437 1290 1474; x_wconf 77' lang='lat' dir='ltr'><strong>atque</strong></span> <span class='ocrx_word' id='word_1_152' title='bbox 1303 1442 1375 1463; x_wconf 75' lang='lat' dir='ltr'><strong>avus</strong></span> <span class='ocrx_word' id='word_1_153' title='bbox 1384 1434 1491 1472; x_wconf 77' lang='lat' dir='ltr'><strong>portat</strong></span> <span class='ocrx_word' id='word_1_154' title='bbox 1506 1434 1643 1471; x_wconf 75' lang='lat' dir='ltr'><strong>nepotem</strong></span> 
     </span>
    </p>
   </div>
   <div class='ocr_carea' id='block_1_4' title="bbox 803 1524 1038 1535">
    <p class='ocr_par' dir='ltr' id='par_1_4' title="bbox 803 1524 1038 1535">
     <span class='ocr_line' id='line_1_20' title="bbox 803 1524 1038 1535; baseline 0.004 -1"><span class='ocrx_word' id='word_1_155' title='bbox 803 1524 1038 1535; x_wconf 64' lang='lat' dir='ltr'><strong>eeeeeeeeeeee</strong></span> 
     </span>
    </p>
   </div>
   <div class='ocr_carea' id='block_1_5' title="bbox 179 1587 1642 2053">
    <p class='ocr_par' dir='ltr' id='par_1_5' title="bbox 179 1587 1642 2053">
     <span class='ocr_line' id='line_1_21' title="bbox 182 1587 1642 1627; baseline 0.001 -10"><span class='ocrx_word' id='word_1_156' title='bbox 182 1597 297 1627; x_wconf 79' lang='lat' dir='ltr'><strong>pugnae</strong></span> <span class='ocrx_word' id='word_1_157' title='bbox 313 1587 505 1626; x_wconf 79' lang='lat' dir='ltr'><strong>sign.-—2lS</strong></span> <span class='ocrx_word' id='word_1_158' title='bbox 528 1587 583 1619; x_wconf 84' lang='lat' dir='ltr'><strong>Fr.</strong></span> <span class='ocrx_word' id='word_1_159' title='bbox 608 1597 683 1618; x_wconf 89' lang='lat' dir='ltr'><strong>cum</strong></span> <span class='ocrx_word' id='word_1_160' title='bbox 699 1588 814 1618; x_wconf 91' lang='lat' dir='ltr'><strong>multis</strong></span> <span class='ocrx_word' id='word_1_161' title='bbox 839 1587 913 1618; x_wconf 82' lang='lat' dir='ltr'><strong>aliis</strong></span> <span class='ocrx_word' id='word_1_162' title='bbox 939 1598 1002 1619; x_wconf 85' lang='lat' dir='ltr'><strong>car.</strong></span> <span class='ocrx_word' id='word_1_163' title='bbox 1025 1591 1154 1626; x_wconf 74' lang='lat' dir='ltr'><strong>tenent‚·</strong></span> <span class='ocrx_word' id='word_1_164' title='bbox 1177 1592 1222 1619; x_wconf 79' lang='lat' dir='ltr'><strong>at</strong></span> <span class='ocrx_word' id='word_1_165' title='bbox 1238 1588 1393 1619; x_wconf 82' lang='lat' dir='ltr'><strong>meliores</strong></span> <span class='ocrx_word' id='word_1_166' title='bbox 1409 1587 1642 1625; x_wconf 50' lang='grc' dir='ltr'><strong>,ἱππικὴ-219</strong></span> 
     </span>
     <span class='ocr_line' id='line_1_22' title="bbox 185 1629 1640 1672; baseline 0.001 -12"><span class='ocrx_word' id='word_1_167' title='bbox 185 1630 254 1660; x_wconf 86' lang='lat' dir='ltr'><strong>Pro</strong></span> <span class='ocrx_word' id='word_1_168' title='bbox 278 1631 379 1670; x_wconf 79' lang='lat' dir='ltr'><strong>passis</strong></span> <span class='ocrx_word' id='word_1_169' title='bbox 401 1630 501 1669; x_wconf 80' lang='lat' dir='ltr'><strong>vulgo</strong></span> <span class='ocrx_word' id='word_1_170' title='bbox 518 1630 696 1670; x_wconf 84' lang='lat' dir='ltr'><strong>legebatur</strong></span> <span class='ocrx_word' id='word_1_171' title='bbox 711 1630 837 1666; x_wconf 84' lang='lat' dir='ltr'><strong>scissis;</strong></span> <span class='ocrx_word' id='word_1_172' title='bbox 860 1630 945 1661; x_wconf 60' lang='lat' dir='ltr'><strong>Laeti</strong></span> <span class='ocrx_word' id='word_1_173' title='bbox 963 1630 1047 1662; x_wconf 83' lang='lat' dir='ltr'><strong>eod.</strong></span> <span class='ocrx_word' id='word_1_174' title='bbox 1066 1636 1101 1662; x_wconf 87' lang='lat' dir='ltr'><strong>et</strong></span> <span class='ocrx_word' id='word_1_175' title='bbox 1117 1631 1175 1662; x_wconf 87' lang='lat' dir='ltr'><strong>alii</strong></span> <span class='ocrx_word' id='word_1_176' title='bbox 1187 1631 1322 1672; x_wconf 81' lang='lat' dir='ltr'><strong>sparsis.-</strong></span> <span class='ocrx_word' id='word_1_177' title='bbox 1344 1635 1378 1662; x_wconf 85' lang='lat' dir='ltr'><strong>at</strong></span> <span class='ocrx_word' id='word_1_178' title='bbox 1402 1631 1492 1661; x_wconf 87' lang='lat' dir='ltr'><strong>Maz.</strong></span> <span class='ocrx_word' id='word_1_179' title='bbox 1509 1629 1640 1662; x_wconf 87' lang='lat' dir='ltr'><strong>anich.</strong></span> 
     </span>
     <span class='ocr_line' id='line_1_23' title="bbox 184 1672 1640 1714; baseline 0.001 -12"><span class='ocrx_word' id='word_1_180' title='bbox 184 1672 301 1703; x_wconf 82' lang='lat' dir='ltr'><strong>Ursin.</strong></span> <span class='ocrx_word' id='word_1_181' title='bbox 317 1673 416 1703; x_wconf 76' lang='lat' dir='ltr'><strong>Voss.</strong></span> <span class='ocrx_word' id='word_1_182' title='bbox 433 1678 468 1703; x_wconf 84' lang='lat' dir='ltr'><strong>et</strong></span> <span class='ocrx_word' id='word_1_183' title='bbox 484 1672 614 1703; x_wconf 89' lang='lat' dir='ltr'><strong>Arund.</strong></span> <span class='ocrx_word' id='word_1_184' title='bbox 631 1673 711 1703; x_wconf 81' lang='lat' dir='ltr'><strong>dant</strong></span> <span class='ocrx_word' id='word_1_185' title='bbox 734 1673 844 1712; x_wconf 80' lang='lat' dir='ltr'><strong>passis.</strong></span> <span class='ocrx_word' id='word_1_186' title='bbox 889 1673 972 1704; x_wconf 88' lang='lat' dir='ltr'><strong>Mox</strong></span> <span class='ocrx_word' id='word_1_187' title='bbox 990 1678 1068 1705; x_wconf 85' lang='lat' dir='ltr'><strong>octo</strong></span> <span class='ocrx_word' id='word_1_188' title='bbox 1085 1674 1192 1705; x_wconf 88' lang='lat' dir='ltr'><strong>Codd.</strong></span> <span class='ocrx_word' id='word_1_189' title='bbox 1212 1683 1296 1714; x_wconf 76' lang='lat' dir='ltr'><strong>pass.</strong></span> <span class='ocrx_word' id='word_1_190' title='bbox 1320 1676 1445 1704; x_wconf 81' lang='lat' dir='ltr'><strong>tenuere</strong></span> <span class='ocrx_word' id='word_1_191' title='bbox 1464 1675 1640 1712; x_wconf 62' lang='grc' dir='ltr'><strong>(ηιμ-220</strong></span> 
     </span>
     <span class='ocr_line' id='line_1_24' title="bbox 187 1714 1640 1755; baseline 0.001 -11"><span class='ocrx_word' id='word_1_192' title='bbox 187 1714 279 1746; x_wconf 87' lang='lat' dir='ltr'><strong>Maz.</strong></span> <span class='ocrx_word' id='word_1_193' title='bbox 298 1715 335 1745; x_wconf 83' lang='lat' dir='ltr'><strong>In</strong></span> <span class='ocrx_word' id='word_1_194' title='bbox 350 1718 435 1745; x_wconf 76' lang='lat' dir='ltr'><strong>terra</strong></span> <span class='ocrx_word' id='word_1_195' title='bbox 448 1718 618 1755; x_wconf 81' lang='lat' dir='ltr'><strong>pos.—22l</strong></span> <span class='ocrx_word' id='word_1_196' title='bbox 647 1716 701 1746; x_wconf 88' lang='lat' dir='ltr'><strong>Fr.</strong></span> <span class='ocrx_word' id='word_1_197' title='bbox 728 1725 838 1754; x_wconf 81' lang='lat' dir='ltr'><strong>magno</strong></span> <span class='ocrx_word' id='word_1_198' title='bbox 863 1725 924 1755; x_wconf 90' lang='lat' dir='ltr'><strong>pro</strong></span> <span class='ocrx_word' id='word_1_199' title='bbox 941 1715 1071 1747; x_wconf 81' lang='lat' dir='ltr'><strong>blando.-</strong></span> <span class='ocrx_word' id='word_1_200' title='bbox 1095 1721 1131 1747; x_wconf 89' lang='lat' dir='ltr'><strong>et</strong></span> <span class='ocrx_word' id='word_1_201' title='bbox 1146 1717 1209 1748; x_wconf 90' lang='lat' dir='ltr'><strong>Be.</strong></span> <span class='ocrx_word' id='word_1_202' title='bbox 1231 1726 1308 1747; x_wconf 91' lang='lat' dir='ltr'><strong>cum</strong></span> <span class='ocrx_word' id='word_1_203' title='bbox 1324 1720 1403 1747; x_wconf 87' lang='lat' dir='ltr'><strong>octo</strong></span> <span class='ocrx_word' id='word_1_204' title='bbox 1419 1715 1490 1746; x_wconf 87' lang='lat' dir='ltr'><strong>aliis</strong></span> <span class='ocrx_word' id='word_1_205' title='bbox 1505 1723 1640 1746; x_wconf 78' lang='lat' dir='ltr'><strong>sermone</strong></span> 
     </span>
     <span class='ocr_line' id='line_1_25' title="bbox 182 1757 1641 1799; baseline 0 -12"><span class='ocrx_word' id='word_1_206' title='bbox 182 1760 360 1796; x_wconf 55' lang='lat' dir='ltr'><strong>nen—*224</strong></span> <span class='ocrx_word' id='word_1_207' title='bbox 384 1758 478 1788; x_wconf 88' lang='lat' dir='ltr'><strong>Unus</strong></span> <span class='ocrx_word' id='word_1_208' title='bbox 497 1758 538 1788; x_wconf 88' lang='lat' dir='ltr'><strong>R.</strong></span> <span class='ocrx_word' id='word_1_209' title='bbox 553 1759 628 1789; x_wconf 72' lang='lat' dir='ltr'><strong>velle</strong></span> <span class='ocrx_word' id='word_1_210' title='bbox 644 1767 705 1798; x_wconf 89' lang='lat' dir='ltr'><strong>pro</strong></span> <span class='ocrx_word' id='word_1_211' title='bbox 727 1768 813 1798; x_wconf 78' lang='lat' dir='ltr'><strong>posse</strong></span> <span class='ocrx_word' id='word_1_212' title='bbox 822 1768 834 1794; x_wconf 90' lang='lat'><em>;</em></span> <span class='ocrx_word' id='word_1_213' title='bbox 858 1758 926 1788; x_wconf 89' lang='lat' dir='ltr'><strong>duo</strong></span> <span class='ocrx_word' id='word_1_214' title='bbox 943 1759 1051 1790; x_wconf 87' lang='lat' dir='ltr'><strong>Codd.</strong></span> <span class='ocrx_word' id='word_1_215' title='bbox 1066 1759 1146 1790; x_wconf 81' lang='lat' dir='ltr'><strong>scire</strong></span> <span class='ocrx_word' id='word_1_216' title='bbox 1160 1770 1172 1796; x_wconf 84' lang='lat'><em>;</em></span> <span class='ocrx_word' id='word_1_217' title='bbox 1195 1769 1278 1790; x_wconf 89' lang='lat' dir='ltr'><strong>unus</strong></span> <span class='ocrx_word' id='word_1_218' title='bbox 1293 1758 1376 1799; x_wconf 86' lang='lat' dir='ltr'><strong>flere</strong></span> <span class='ocrx_word' id='word_1_219' title='bbox 1385 1768 1398 1795; x_wconf 72' lang='lat'><strong>‚⁶</strong></span> <span class='ocrx_word' id='word_1_220' title='bbox 1421 1757 1506 1788; x_wconf 79' lang='lat' dir='ltr'><strong>alius</strong></span> <span class='ocrx_word' id='word_1_221' title='bbox 1521 1767 1641 1798; x_wconf 44' lang='lat' dir='ltr'><strong>esse5÷=</strong></span> 
     </span>
     <span class='ocr_line' id='line_1_26' title="bbox 182 1798 1639 1842; baseline 0.001 -13"><span class='ocrx_word' id='word_1_222' title='bbox 182 1801 243 1829; x_wconf 80' lang='lat'><strong>225</strong></span> <span class='ocrx_word' id='word_1_223' title='bbox 268 1800 430 1840; x_wconf 77' lang='lat' dir='ltr'><strong>Animusq.</strong></span> <span class='ocrx_word' id='word_1_224' title='bbox 448 1800 543 1830; x_wconf 66' lang='lat' dir='ltr'><strong>dedit</strong></span> <span class='ocrx_word' id='word_1_225' title='bbox 573 1801 692 1831; x_wconf 83' lang='lat' dir='ltr'><strong>Heius.</strong></span> <span class='ocrx_word' id='word_1_226' title='bbox 718 1810 759 1830; x_wconf 84' lang='lat' dir='ltr'><strong>ex</strong></span> <span class='ocrx_word' id='word_1_227' title='bbox 785 1801 876 1831; x_wconf 87' lang='lat' dir='ltr'><strong>Maz.</strong></span> <span class='ocrx_word' id='word_1_228' title='bbox 904 1805 940 1831; x_wconf 90' lang='lat' dir='ltr'><strong>et</strong></span> <span class='ocrx_word' id='word_1_229' title='bbox 963 1811 1031 1832; x_wconf 90' lang='lat' dir='ltr'><strong>uno</strong></span> <span class='ocrx_word' id='word_1_230' title='bbox 1053 1802 1095 1833; x_wconf 89' lang='lat' dir='ltr'><strong>A.</strong></span> <span class='ocrx_word' id='word_1_231' title='bbox 1122 1811 1183 1842; x_wconf 89' lang='lat' dir='ltr'><strong>pro</strong></span> <span class='ocrx_word' id='word_1_232' title='bbox 1197 1802 1286 1841; x_wconf 85' lang='lat' dir='ltr'>vulg.</span> <span class='ocrx_word' id='word_1_233' title='bbox 1309 1801 1545 1841; x_wconf 78' lang='lat' dir='ltr'><strong>animiq.——22S</strong></span> <span class='ocrx_word' id='word_1_234' title='bbox 1567 1798 1639 1839; x_wconf 82' lang='lat' dir='ltr'><strong>Pro</strong></span> 
     </span>
     <span class='ocr_line' id='line_1_27' title="bbox 181 1841 1636 1887; baseline 0.001 -16"><span class='ocrx_word' id='word_1_235' title='bbox 181 1841 272 1880; x_wconf 74' lang='lat' dir='ltr'><strong>sculi,</strong></span> <span class='ocrx_word' id='word_1_236' title='bbox 286 1843 375 1872; x_wconf 89' lang='lat' dir='ltr'><strong>Maz.</strong></span> <span class='ocrx_word' id='word_1_237' title='bbox 390 1843 524 1873; x_wconf 86' lang='lat' dir='ltr'><strong>Zulich.</strong></span> <span class='ocrx_word' id='word_1_238' title='bbox 542 1842 735 1887; x_wconf 49' lang='lat' dir='ltr'><strong>Arund3pr.</strong></span> <span class='ocrx_word' id='word_1_239' title='bbox 747 1841 790 1873; x_wconf 88' lang='lat' dir='ltr'><strong>A.</strong></span> <span class='ocrx_word' id='word_1_240' title='bbox 806 1847 841 1873; x_wconf 90' lang='lat' dir='ltr'><strong>et</strong></span> <span class='ocrx_word' id='word_1_241' title='bbox 858 1843 1004 1884; x_wconf 87' lang='lat' dir='ltr'><strong>quinque</strong></span> <span class='ocrx_word' id='word_1_242' title='bbox 1020 1844 1088 1883; x_wconf 86' lang='lat' dir='ltr'><strong>alii,</strong></span> <span class='ocrx_word' id='word_1_243' title='bbox 1099 1845 1205 1875; x_wconf 80' lang='lat' dir='ltr'><strong>scutis.</strong></span> <span class='ocrx_word' id='word_1_244' title='bbox 1248 1843 1362 1874; x_wconf 86' lang='lat' dir='ltr'><strong>Dubia</strong></span> <span class='ocrx_word' id='word_1_245' title='bbox 1377 1843 1502 1874; x_wconf 84' lang='lat' dir='ltr'><strong>lectio:</strong></span> <span class='ocrx_word' id='word_1_246' title='bbox 1527 1841 1587 1872; x_wconf 86' lang='lat' dir='ltr'><strong>sed</strong></span> <span class='ocrx_word' id='word_1_247' title='bbox 1600 1846 1636 1873; x_wconf 86' lang='lat' dir='ltr'><strong>et</strong></span> 
     </span>
     <span class='ocr_line' id='line_1_28' title="bbox 179 1883 1638 1926; baseline 0.001 -13"><span class='ocrx_word' id='word_1_248' title='bbox 179 1883 240 1914; x_wconf 89' lang='lat' dir='ltr'><strong>lib.</strong></span> <span class='ocrx_word' id='word_1_249' title='bbox 259 1893 299 1915; x_wconf 90' lang='lat'><strong>11.</strong></span> <span class='ocrx_word' id='word_1_250' title='bbox 314 1888 387 1916; x_wconf 85' lang='grc'>297.</span> <span class='ocrx_word' id='word_1_251' title='bbox 401 1885 499 1924; x_wconf 80' lang='lat' dir='ltr'><strong>dixit,</strong></span> <span class='ocrx_word' id='word_1_252' title='bbox 522 1886 530 1901; x_wconf 93' lang='lat'>‘</span> <span class='ocrx_word' id='word_1_253' title='bbox 543 1886 652 1916; x_wconf 88' lang='lat' dir='ltr'><strong>nullus</strong></span> <span class='ocrx_word' id='word_1_254' title='bbox 669 1885 778 1915; x_wconf 84' lang='lat' dir='ltr'><strong>adhuc</strong></span> <span class='ocrx_word' id='word_1_255' title='bbox 795 1889 869 1916; x_wconf 86' lang='lat' dir='ltr'><strong>erat</strong></span> <span class='ocrx_word' id='word_1_256' title='bbox 881 1895 958 1916; x_wconf 88' lang='lat' dir='ltr'><strong>usus</strong></span> <span class='ocrx_word' id='word_1_257' title='bbox 976 1886 1054 1926; x_wconf 88' lang='lat' dir='ltr'><strong>equi</strong></span> <span class='ocrx_word' id='word_1_258' title='bbox 1069 1886 1089 1917; x_wconf 73' lang='grc' dir='ltr'><strong>ε’</strong></span> <span class='ocrx_word' id='word_1_259' title='bbox 1107 1892 1142 1917; x_wconf 88' lang='lat' dir='ltr'><strong>et</strong></span> <span class='ocrx_word' id='word_1_260' title='bbox 1157 1890 1231 1917; x_wconf 90' lang='lat'>500.</span> <span class='ocrx_word' id='word_1_261' title='bbox 1253 1890 1334 1917; x_wconf 83' lang='lat' dir='ltr'><strong>‘nec</strong></span> <span class='ocrx_word' id='word_1_262' title='bbox 1347 1885 1430 1916; x_wconf 88' lang='lat' dir='ltr'><strong>facis</strong></span> <span class='ocrx_word' id='word_1_263' title='bbox 1441 1895 1520 1916; x_wconf 86' lang='lat' dir='ltr'><strong>usus</strong></span> <span class='ocrx_word' id='word_1_264' title='bbox 1532 1883 1638 1915; x_wconf 86' lang='lat' dir='ltr'><strong>erat:&#39;</strong></span> 
     </span>
     <span class='ocr_line' id='line_1_29' title="bbox 183 1926 1636 1968; baseline 0.001 -13"><span class='ocrx_word' id='word_1_265' title='bbox 183 1930 219 1956; x_wconf 86' lang='lat' dir='ltr'><strong>et</strong></span> <span class='ocrx_word' id='word_1_266' title='bbox 239 1927 248 1943; x_wconf 93' lang='lat'>‘</span> <span class='ocrx_word' id='word_1_267' title='bbox 267 1936 344 1957; x_wconf 89' lang='lat' dir='ltr'><strong>usus</strong></span> <span class='ocrx_word' id='word_1_268' title='bbox 369 1928 554 1968; x_wconf 87' lang='lat' dir='ltr'><strong>equorum‚’</strong></span> <span class='ocrx_word' id='word_1_269' title='bbox 577 1928 662 1958; x_wconf 86' lang='lat' dir='ltr'><strong>Met.</strong></span> <span class='ocrx_word' id='word_1_270' title='bbox 679 1936 734 1958; x_wconf 88' lang='lat'>111.</span> <span class='ocrx_word' id='word_1_271' title='bbox 751 1930 825 1958; x_wconf 84' lang='grc'><strong>554.</strong></span> <span class='ocrx_word' id='word_1_272' title='bbox 843 1933 879 1958; x_wconf 82' lang='lat' dir='ltr'><strong>ut</strong></span> <span class='ocrx_word' id='word_1_273' title='bbox 905 1933 939 1958; x_wconf 91' lang='lat' dir='ltr'><strong>et</strong></span> <span class='ocrx_word' id='word_1_274' title='bbox 972 1928 1085 1959; x_wconf 88' lang='lat' dir='ltr'><strong>Livius</strong></span> <span class='ocrx_word' id='word_1_275' title='bbox 1112 1938 1214 1960; x_wconf 78' lang='lat' dir='ltr'>xxv1.</span> <span class='ocrx_word' id='word_1_276' title='bbox 1230 1931 1281 1959; x_wconf 82' lang='lat'><strong>38.</strong></span> <span class='ocrx_word' id='word_1_277' title='bbox 1304 1933 1340 1959; x_wconf 91' lang='lat' dir='ltr'><strong>et</strong></span> <span class='ocrx_word' id='word_1_278' title='bbox 1370 1928 1420 1958; x_wconf 85' lang='lat' dir='ltr'><strong>ita</strong></span> <span class='ocrx_word' id='word_1_279' title='bbox 1450 1926 1636 1966; x_wconf 66' lang='lat' dir='ltr'><strong>saepissime</strong></span> 
     </span>
     <span class='ocr_line' id='line_1_30' title="bbox 181 1967 1636 2010; baseline -0.001 -12"><span class='ocrx_word' id='word_1_280' title='bbox 181 1967 329 1999; x_wconf 81' lang='lat' dir='ltr'><strong>Noster:</strong></span> <span class='ocrx_word' id='word_1_281' title='bbox 353 1970 440 1999; x_wconf 87' lang='lat' dir='ltr'><strong>adde</strong></span> <span class='ocrx_word' id='word_1_282' title='bbox 463 1970 551 2010; x_wconf 88' lang='lat' dir='ltr'><strong>quod</strong></span> <span class='ocrx_word' id='word_1_283' title='bbox 574 1970 629 2000; x_wconf 91' lang='lat' dir='ltr'><strong>hic</strong></span> <span class='ocrx_word' id='word_1_284' title='bbox 653 1970 842 2009; x_wconf 74' lang='lat' dir='ltr'><strong>elegantior</strong></span> <span class='ocrx_word' id='word_1_285' title='bbox 865 1970 1043 2009; x_wconf 85' lang='lat' dir='ltr'><strong>singularis</strong></span> <span class='ocrx_word' id='word_1_286' title='bbox 1066 1980 1225 2001; x_wconf 88' lang='lat' dir='ltr'><strong>numerus</strong></span> <span class='ocrx_word' id='word_1_287' title='bbox 1240 1971 1330 2008; x_wconf 77' lang='lat' dir='ltr'><strong>scuti,</strong></span> <span class='ocrx_word' id='word_1_288' title='bbox 1353 1972 1492 2009; x_wconf 85' lang='lat' dir='ltr'><strong>propter</strong></span> <span class='ocrx_word' id='word_1_289' title='bbox 1508 1976 1636 2008; x_wconf 80' lang='lat' dir='ltr'><strong>praece-</strong></span> 
     </span>
     <span class='ocr_line' id='line_1_31' title="bbox 183 2009 1634 2053; baseline 0 -13"><span class='ocrx_word' id='word_1_290' title='bbox 183 2009 267 2041; x_wconf 88' lang='lat' dir='ltr'><strong>dens</strong></span> <span class='ocrx_word' id='word_1_291' title='bbox 281 2015 378 2051; x_wconf 79' lang='lat' dir='ltr'><strong>scuto,</strong></span> <span class='ocrx_word' id='word_1_292' title='bbox 403 2016 571 2052; x_wconf 86' lang='lat' dir='ltr'><strong>ponatur:</strong></span> <span class='ocrx_word' id='word_1_293' title='bbox 596 2021 700 2052; x_wconf 83' lang='lat' dir='ltr'><strong>quare</strong></span> <span class='ocrx_word' id='word_1_294' title='bbox 719 2012 890 2051; x_wconf 84' lang='lat' dir='ltr'><strong>vulgatam</strong></span> <span class='ocrx_word' id='word_1_295' title='bbox 905 2012 1037 2052; x_wconf 84' lang='lat' dir='ltr'><strong>reduxi,</strong></span> <span class='ocrx_word' id='word_1_296' title='bbox 1061 2022 1161 2053; x_wconf 86' lang='lat' dir='ltr'><strong>quam</strong></span> <span class='ocrx_word' id='word_1_297' title='bbox 1186 2012 1237 2043; x_wconf 86' lang='lat' dir='ltr'><strong>Fr.</strong></span> <span class='ocrx_word' id='word_1_298' title='bbox 1261 2016 1297 2042; x_wconf 86' lang='lat' dir='ltr'><strong>et</strong></span> <span class='ocrx_word' id='word_1_299' title='bbox 1313 2011 1371 2042; x_wconf 89' lang='lat' dir='ltr'><strong>alii</strong></span> <span class='ocrx_word' id='word_1_300' title='bbox 1386 2010 1525 2052; x_wconf 83' lang='lat' dir='ltr'><strong>optimoe</strong></span> <span class='ocrx_word' id='word_1_301' title='bbox 1542 2014 1634 2040; x_wconf 78' lang='lat' dir='ltr'><strong>notae</strong></span> 
     </span>
    </p>
   </div>
   <div class='ocr_carea' id='block_1_6' title="bbox 835 2121 975 2153">
    <p class='ocr_par' dir='ltr' id='par_1_6' title="bbox 835 2121 975 2153">
     <span class='ocr_line' id='line_1_32' title="bbox 835 2121 975 2153; baseline 0.007 -1"><span class='ocrx_word' id='word_1_302' title='bbox 835 2121 975 2153; x_wconf 81' lang='lat' dir='ltr'>NOTAE</span> 
     </span>
    </p>
   </div>
   <div class='ocr_carea' id='block_1_7' title="bbox 174 2204 1633 2794">
    <p class='ocr_par' dir='ltr' id='par_1_7' title="bbox 174 2204 1633 2794">
     <span class='ocr_line' id='line_1_33' title="bbox 223 2204 1633 2246; baseline 0 -9"><span class='ocrx_word' id='word_1_303' title='bbox 223 2209 286 2237; x_wconf 90' lang='grc'><strong>220</strong></span> <span class='ocrx_word' id='word_1_304' title='bbox 310 2206 348 2236; x_wconf 88' lang='lat' dir='ltr'><strong>In</strong></span> <span class='ocrx_word' id='word_1_305' title='bbox 363 2205 495 2245; x_wconf 81' lang='lat' dir='ltr'><strong>terram]</strong></span> <span class='ocrx_word' id='word_1_306' title='bbox 519 2206 606 2244; x_wconf 82' lang='lat' dir='ltr'><strong>Illae,</strong></span> <span class='ocrx_word' id='word_1_307' title='bbox 635 2209 672 2235; x_wconf 87' lang='lat' dir='ltr'><strong>ut</strong></span> <span class='ocrx_word' id='word_1_308' title='bbox 696 2204 800 2235; x_wconf 84' lang='lat' dir='ltr'><strong>habet</strong></span> <span class='ocrx_word' id='word_1_309' title='bbox 827 2204 880 2234; x_wconf 90' lang='lat' dir='ltr'><strong>Li·</strong></span> <span class='ocrx_word' id='word_1_310' title='bbox 934 2209 1001 2245; x_wconf 88' lang='lat' dir='ltr'><strong>tur,</strong></span> <span class='ocrx_word' id='word_1_311' title='bbox 1026 2215 1135 2246; x_wconf 84' lang='lat' dir='ltr'><strong>quove</strong></span> <span class='ocrx_word' id='word_1_312' title='bbox 1163 2205 1301 2237; x_wconf 89' lang='lat' dir='ltr'><strong>consilio</strong></span> <span class='ocrx_word' id='word_1_313' title='bbox 1327 2206 1362 2236; x_wconf 87' lang='lat' dir='ltr'><strong>in</strong></span> <span class='ocrx_word' id='word_1_314' title='bbox 1389 2204 1517 2237; x_wconf 87' lang='lat' dir='ltr'><strong>medias</strong></span> <span class='ocrx_word' id='word_1_315' title='bbox 1544 2206 1633 2238; x_wconf 88' lang='lat' dir='ltr'><strong>acies</strong></span> 
     </span>
     <span class='ocr_line' id='line_1_34' title="bbox 181 2255 1168 2296; baseline 0.002 -11"><span class='ocrx_word' id='word_1_316' title='bbox 181 2255 267 2296; x_wconf 86' lang='lat' dir='ltr'><strong>vius,</strong></span> <span class='ocrx_word' id='word_1_317' title='bbox 312 2257 320 2273; x_wconf 92' lang='lat'>‘</span> <span class='ocrx_word' id='word_1_318' title='bbox 347 2255 497 2286; x_wconf 81' lang='lat' dir='ltr'><strong>crinibus</strong></span> <span class='ocrx_word' id='word_1_319' title='bbox 535 2255 668 2294; x_wconf 83' lang='lat' dir='ltr'><strong>sparsis,</strong></span> <span class='ocrx_word' id='word_1_320' title='bbox 705 2255 878 2295; x_wconf 84' lang='lat' dir='ltr'><strong>scissaque</strong></span> <span class='ocrx_word' id='word_1_321' title='bbox 933 2256 1025 2286; x_wconf 85' lang='lat' dir='ltr'><strong>allati</strong></span> <span class='ocrx_word' id='word_1_322' title='bbox 1044 2260 1168 2287; x_wconf 85' lang='lat' dir='ltr'><strong>essent.</strong></span> 
     </span>
     <span class='ocr_line' id='line_1_35' title="bbox 178 2304 1632 2346; baseline 0.001 -10"><span class='ocrx_word' id='word_1_323' title='bbox 178 2309 286 2344; x_wconf 82' lang='lat' dir='ltr'><strong>veste,</strong></span> <span class='ocrx_word' id='word_1_324' title='bbox 313 2305 403 2336; x_wconf 87' lang='lat' dir='ltr'><strong>victo</strong></span> <span class='ocrx_word' id='word_1_325' title='bbox 433 2305 526 2335; x_wconf 84' lang='lat' dir='ltr'><strong>malis</strong></span> <span class='ocrx_word' id='word_1_326' title='bbox 557 2304 709 2335; x_wconf 87' lang='lat' dir='ltr'><strong>muliebri</strong></span> <span class='ocrx_word' id='word_1_327' title='bbox 740 2315 877 2344; x_wconf 80' lang='lat' dir='ltr'><strong>pavore,</strong></span> <span class='ocrx_word' id='word_1_328' title='bbox 974 2309 1035 2336; x_wconf 84' lang='grc'><strong>224</strong></span> <span class='ocrx_word' id='word_1_329' title='bbox 1073 2306 1167 2337; x_wconf 87' lang='lat' dir='ltr'><strong>Posse</strong></span> <span class='ocrx_word' id='word_1_330' title='bbox 1191 2305 1327 2346; x_wconf 74' lang='lat' dir='ltr'><strong>coactns]</strong></span> <span class='ocrx_word' id='word_1_331' title='bbox 1360 2306 1448 2339; x_wconf 80' lang='lat' dir='ltr'><strong>Quia</strong></span> <span class='ocrx_word' id='word_1_332' title='bbox 1474 2305 1508 2336; x_wconf 92' lang='lat' dir='ltr'><strong>in</strong></span> <span class='ocrx_word' id='word_1_333' title='bbox 1535 2309 1632 2337; x_wconf 89' lang='lat' dir='ltr'><strong>tanto</strong></span> 
     </span>
     <span class='ocr_line' id='line_1_36' title="bbox 179 2353 1630 2397; baseline 0.001 -12"><span class='ocrx_word' id='word_1_334' title='bbox 179 2364 268 2386; x_wconf 82' lang='lat' dir='ltr'><strong>ausae</strong></span> <span class='ocrx_word' id='word_1_335' title='bbox 285 2364 320 2386; x_wconf 86' lang='lat' dir='ltr'><strong>se</strong></span> <span class='ocrx_word' id='word_1_336' title='bbox 337 2355 426 2386; x_wconf 84' lang='lat' dir='ltr'><strong>inter</strong></span> <span class='ocrx_word' id='word_1_337' title='bbox 439 2355 507 2386; x_wconf 85' lang='lat' dir='ltr'><strong>tela</strong></span> <span class='ocrx_word' id='word_1_338' title='bbox 522 2355 670 2385; x_wconf 80' lang='lat' dir='ltr'><strong>volantia</strong></span> <span class='ocrx_word' id='word_1_339' title='bbox 685 2353 822 2394; x_wconf 79' lang='lat' dir='ltr'><strong>inferre,</strong></span> <span class='ocrx_word' id='word_1_340' title='bbox 835 2364 876 2385; x_wconf 78' lang='lat' dir='ltr'><strong>ex</strong></span> <span class='ocrx_word' id='word_1_341' title='bbox 932 2357 1076 2386; x_wconf 80' lang='lat' dir='ltr'><strong>tumultu</strong></span> <span class='ocrx_word' id='word_1_342' title='bbox 1093 2356 1311 2396; x_wconf 75' lang='lat' dir='ltr'><strong>perturbatus</strong></span> <span class='ocrx_word' id='word_1_343' title='bbox 1329 2355 1511 2395; x_wconf 84' lang='lat' dir='ltr'><strong>clamabat,</strong></span> <span class='ocrx_word' id='word_1_344' title='bbox 1526 2359 1630 2397; x_wconf 82' lang='lat' dir='ltr'><strong>atque</strong></span> 
     </span>
     <span class='ocr_line' id='line_1_37' title="bbox 177 2404 1630 2446; baseline 0.001 -11"><span class='ocrx_word' id='word_1_345' title='bbox 177 2405 508 2446; x_wconf 80' lang='lat' dir='ltr'><strong>transversoimpetu</strong></span> <span class='ocrx_word' id='word_1_346' title='bbox 524 2404 629 2443; x_wconf 75' lang='lat' dir='ltr'><strong>facto,</strong></span> <span class='ocrx_word' id='word_1_347' title='bbox 654 2404 811 2434; x_wconf 84' lang='lat' dir='ltr'><strong>dirimere</strong></span> <span class='ocrx_word' id='word_1_348' title='bbox 828 2405 874 2434; x_wconf 86' lang='lat' dir='ltr'><strong>iu-</strong></span> <span class='ocrx_word' id='word_1_349' title='bbox 930 2406 1014 2436; x_wconf 86' lang='lat' dir='ltr'><strong>adeo</strong></span> <span class='ocrx_word' id='word_1_350' title='bbox 1039 2406 1092 2436; x_wconf 89' lang='lat' dir='ltr'><strong>avi</strong></span> <span class='ocrx_word' id='word_1_351' title='bbox 1121 2406 1262 2446; x_wconf 83' lang='lat' dir='ltr'><strong>primam</strong></span> <span class='ocrx_word' id='word_1_352' title='bbox 1288 2406 1410 2437; x_wconf 83' lang='lat' dir='ltr'><strong>saltem</strong></span> <span class='ocrx_word' id='word_1_353' title='bbox 1435 2405 1568 2436; x_wconf 83' lang='lat' dir='ltr'><strong>literam</strong></span> <span class='ocrx_word' id='word_1_354' title='bbox 1597 2416 1630 2443; x_wconf 86' lang='lat' dir='ltr'><strong>a,</strong></span> 
     </span>
     <span class='ocr_line' id='line_1_38' title="bbox 174 2452 1628 2497; baseline 0.001 -15"><span class='ocrx_word' id='word_1_355' title='bbox 174 2452 280 2485; x_wconf 79' lang='lat' dir='ltr'><strong>festas</strong></span> <span class='ocrx_word' id='word_1_356' title='bbox 308 2455 413 2493; x_wconf 82' lang='lat' dir='ltr'><strong>acies,</strong></span> <span class='ocrx_word' id='word_1_357' title='bbox 439 2455 596 2484; x_wconf 71' lang='lat' dir='ltr'><strong>dirimere</strong></span> <span class='ocrx_word' id='word_1_358' title='bbox 622 2454 698 2492; x_wconf 85' lang='lat' dir='ltr'><strong>iras,</strong></span> <span class='ocrx_word' id='word_1_359' title='bbox 721 2454 796 2484; x_wconf 80' lang='lat' dir='ltr'><strong>hine</strong></span> <span class='ocrx_word' id='word_1_360' title='bbox 818 2463 874 2494; x_wconf 81' lang='lat' dir='ltr'><strong>pa·</strong></span> <span class='ocrx_word' id='word_1_361' title='bbox 929 2457 986 2497; x_wconf 92' lang='lat' dir='ltr'><strong>qui</strong></span> <span class='ocrx_word' id='word_1_362' title='bbox 1002 2457 1207 2496; x_wconf 78' lang='lat' dir='ltr'><strong>vagientium</strong></span> <span class='ocrx_word' id='word_1_363' title='bbox 1225 2466 1324 2486; x_wconf 89' lang='lat' dir='ltr'><strong>sonus</strong></span> <span class='ocrx_word' id='word_1_364' title='bbox 1339 2461 1404 2493; x_wconf 81' lang='lat' dir='ltr'><strong>est,</strong></span> <span class='ocrx_word' id='word_1_365' title='bbox 1418 2454 1628 2495; x_wconf 83' lang='lat' dir='ltr'><strong>proferebat.</strong></span> 
     </span>
     <span class='ocr_line' id='line_1_39' title="bbox 177 2502 1630 2545; baseline -0.003 -11"><span class='ocrx_word' id='word_1_366' title='bbox 177 2507 259 2544; x_wconf 85' lang='lat' dir='ltr'><strong>tres,</strong></span> <span class='ocrx_word' id='word_1_367' title='bbox 281 2503 357 2534; x_wconf 87' lang='lat' dir='ltr'><strong>hinc</strong></span> <span class='ocrx_word' id='word_1_368' title='bbox 384 2504 471 2533; x_wconf 87' lang='lat' dir='ltr'><strong>viros</strong></span> <span class='ocrx_word' id='word_1_369' title='bbox 496 2510 644 2540; x_wconf 69' lang='lat' dir='ltr'><strong>orantes,</strong></span> <span class='ocrx_word' id='word_1_370' title='bbox 672 2513 713 2533; x_wconf 85' lang='lat' dir='ltr'><strong>ne</strong></span> <span class='ocrx_word' id='word_1_371' title='bbox 740 2513 775 2533; x_wconf 88' lang='lat' dir='ltr'><strong>se</strong></span> <span class='ocrx_word' id='word_1_372' title='bbox 802 2513 873 2534; x_wconf 80' lang='lat' dir='ltr'><strong>sau-</strong></span> <span class='ocrx_word' id='word_1_373' title='bbox 971 2509 1031 2537; x_wconf 80' lang='lat'><strong>225</strong></span> <span class='ocrx_word' id='word_1_374' title='bbox 1059 2505 1197 2544; x_wconf 73' lang='lat' dir='ltr'><strong>Cadunt]</strong></span> <span class='ocrx_word' id='word_1_375' title='bbox 1222 2504 1335 2545; x_wconf 79' lang='lat' dir='ltr'><strong>Atque</strong></span> <span class='ocrx_word' id='word_1_376' title='bbox 1351 2504 1437 2534; x_wconf 80' lang='lat' dir='ltr'><strong>adeo</strong></span> <span class='ocrx_word' id='word_1_377' title='bbox 1453 2504 1524 2543; x_wconf 87' lang='lat' dir='ltr'><strong>jam</strong></span> <span class='ocrx_word' id='word_1_378' title='bbox 1540 2502 1630 2533; x_wconf 80' lang='lat' dir='ltr'><strong>Her.</strong></span> 
     </span>
     <span class='ocr_line' id='line_1_40' title="bbox 177 2552 1568 2595; baseline 0 -13"><span class='ocrx_word' id='word_1_379' title='bbox 177 2553 278 2594; x_wconf 81' lang='lat' dir='ltr'><strong>guine</strong></span> <span class='ocrx_word' id='word_1_380' title='bbox 306 2552 450 2583; x_wconf 62' lang='lat' dir='ltr'><strong>nefando</strong></span> <span class='ocrx_word' id='word_1_381' title='bbox 478 2554 586 2583; x_wconf 78' lang='lat' dir='ltr'><strong>soceri</strong></span> <span class='ocrx_word' id='word_1_382' title='bbox 611 2553 794 2593; x_wconf 72' lang='lat' dir='ltr'><strong>generique</strong></span> <span class='ocrx_word' id='word_1_383' title='bbox 823 2563 873 2584; x_wconf 88' lang='lat' dir='ltr'><strong>re·</strong></span> <span class='ocrx_word' id='word_1_384' title='bbox 927 2556 1010 2586; x_wconf 83' lang='lat' dir='ltr'><strong>siliae</strong></span> <span class='ocrx_word' id='word_1_385' title='bbox 1028 2556 1190 2595; x_wconf 89' lang='lat' dir='ltr'><strong>optimum</strong></span> <span class='ocrx_word' id='word_1_386' title='bbox 1205 2554 1378 2584; x_wconf 89' lang='lat' dir='ltr'><strong>consilium</strong></span> <span class='ocrx_word' id='word_1_387' title='bbox 1395 2552 1568 2592; x_wconf 82' lang='lat' dir='ltr'><strong>intelligis.</strong></span> 
     </span>
     <span class='ocr_line' id='line_1_41' title="bbox 178 2602 1626 2644; baseline 0.001 -11"><span class='ocrx_word' id='word_1_388' title='bbox 178 2603 402 2643; x_wconf 74' lang='lat' dir='ltr'><strong>spergereut‚’</strong></span> <span class='ocrx_word' id='word_1_389' title='bbox 418 2606 479 2634; x_wconf 68' lang='grc' dir='ltr'><strong>διο.</strong></span> <span class='ocrx_word' id='word_1_390' title='bbox 526 2604 709 2642; x_wconf 61' lang='lat' dir='ltr'><strong>Dionysius</strong></span> <span class='ocrx_word' id='word_1_391' title='bbox 734 2604 873 2644; x_wconf 84' lang='lat' dir='ltr'><strong>insuper</strong></span> <span class='ocrx_word' id='word_1_392' title='bbox 969 2608 1032 2635; x_wconf 82' lang='lat'><strong>226</strong></span> <span class='ocrx_word' id='word_1_393' title='bbox 1055 2605 1158 2644; x_wconf 77' lang='lat' dir='ltr'><strong>Dant]</strong></span> <span class='ocrx_word' id='word_1_394' title='bbox 1181 2603 1292 2644; x_wconf 86' lang='lat' dir='ltr'><strong>Atque</strong></span> <span class='ocrx_word' id='word_1_395' title='bbox 1320 2603 1405 2634; x_wconf 83' lang='lat' dir='ltr'><strong>adeo</strong></span> <span class='ocrx_word' id='word_1_396' title='bbox 1422 2602 1531 2634; x_wconf 85' lang='lat' dir='ltr'><strong>foedus</strong></span> <span class='ocrx_word' id='word_1_397' title='bbox 1549 2612 1626 2643; x_wconf 86' lang='lat' dir='ltr'><strong>per·</strong></span> 
     </span>
     <span class='ocr_line' id='line_1_42' title="bbox 174 2653 1071 2693; baseline 0.001 -10"><span class='ocrx_word' id='word_1_398' title='bbox 174 2653 266 2683; x_wconf 87' lang='lat' dir='ltr'><strong>humi</strong></span> <span class='ocrx_word' id='word_1_399' title='bbox 292 2659 475 2692; x_wconf 66' lang='lat' dir='ltr'><strong>prostratas</strong></span> <span class='ocrx_word' id='word_1_400' title='bbox 504 2654 723 2693; x_wconf 54' lang='lat' dir='ltr'><strong>permansisse</strong></span> <span class='ocrx_word' id='word_1_401' title='bbox 741 2653 799 2691; x_wconf 81' lang='lat' dir='ltr'><strong>ait,</strong></span> <span class='ocrx_word' id='word_1_402' title='bbox 814 2653 871 2683; x_wconf 86' lang='lat' dir='ltr'><strong>do·</strong></span> <span class='ocrx_word' id='word_1_403' title='bbox 926 2656 1071 2686; x_wconf 84' lang='lat' dir='ltr'><strong>cutiunt.</strong></span> 
     </span>
     <span class='ocr_line' id='line_1_43' title="bbox 174 2702 1626 2744; baseline 0.001 -11"><span class='ocrx_word' id='word_1_404' title='bbox 174 2712 238 2733; x_wconf 85' lang='lat' dir='ltr'><strong>nec</strong></span> <span class='ocrx_word' id='word_1_405' title='bbox 255 2708 402 2733; x_wconf 77' lang='lat' dir='ltr'><strong>astantes</strong></span> <span class='ocrx_word' id='word_1_406' title='bbox 417 2703 600 2742; x_wconf 86' lang='lat' dir='ltr'><strong>erigerent,</strong></span> <span class='ocrx_word' id='word_1_407' title='bbox 614 2702 790 2733; x_wconf 83' lang='lat' dir='ltr'><strong>moderata</strong></span> <span class='ocrx_word' id='word_1_408' title='bbox 806 2712 872 2732; x_wconf 90' lang='lat' dir='ltr'><strong>om-</strong></span> <span class='ocrx_word' id='word_1_409' title='bbox 968 2707 1028 2734; x_wconf 80' lang='lat'><strong>227</strong></span> <span class='ocrx_word' id='word_1_410' title='bbox 1053 2703 1227 2743; x_wconf 80' lang='lat' dir='ltr'><strong>Laudatas]</strong></span> <span class='ocrx_word' id='word_1_411' title='bbox 1261 2702 1318 2734; x_wconf 92' lang='lat' dir='ltr'><strong>Ob</strong></span> <span class='ocrx_word' id='word_1_412' title='bbox 1343 2702 1519 2744; x_wconf 80' lang='lat' dir='ltr'><strong>pietatem,</strong></span> <span class='ocrx_word' id='word_1_413' title='bbox 1541 2706 1578 2735; x_wconf 87' lang='lat' dir='ltr'><strong>et</strong></span> <span class='ocrx_word' id='word_1_414' title='bbox 1592 2712 1626 2737; x_wconf 80' lang='lat' dir='ltr'><strong>e-</strong></span> 
     </span>
     <span class='ocr_line' id='line_1_44' title="bbox 174 2751 1282 2794; baseline 0.001 -12"><span class='ocrx_word' id='word_1_415' title='bbox 174 2751 232 2782; x_wconf 89' lang='lat' dir='ltr'><strong>nia</strong></span> <span class='ocrx_word' id='word_1_416' title='bbox 248 2761 309 2792; x_wconf 88' lang='lat' dir='ltr'><strong>pro</strong></span> <span class='ocrx_word' id='word_1_417' title='bbox 325 2752 453 2783; x_wconf 86' lang='lat' dir='ltr'><strong>viribus</strong></span> <span class='ocrx_word' id='word_1_418' title='bbox 469 2762 505 2783; x_wconf 88' lang='lat' dir='ltr'><strong>se</strong></span> <span class='ocrx_word' id='word_1_419' title='bbox 520 2751 669 2783; x_wconf 81' lang='lat' dir='ltr'><strong>facturos</strong></span> <span class='ocrx_word' id='word_1_420' title='bbox 684 2752 838 2792; x_wconf 81' lang='lat' dir='ltr'><strong>polliciti.</strong></span> <span class='ocrx_word' id='word_1_421' title='bbox 926 2753 1076 2794; x_wconf 82' lang='lat' dir='ltr'><strong>gregium</strong></span> <span class='ocrx_word' id='word_1_422' title='bbox 1093 2753 1282 2786; x_wconf 82' lang='lat' dir='ltr'><strong>consilium.</strong></span> 
     </span>
    </p>
   </div>
   <div class='ocr_carea' id='block_1_8' title="bbox 218 2801 870 2843">
    <p class='ocr_par' dir='ltr' id='par_1_8' title="bbox 218 2801 870 2843">
     <span class='ocr_line' id='line_1_45' title="bbox 218 2801 870 2843; baseline 0.002 -11"><span class='ocrx_word' id='word_1_423' title='bbox 218 2804 279 2833; x_wconf 83' lang='lat'><strong>221</strong></span> <span class='ocrx_word' id='word_1_424' title='bbox 303 2801 478 2843; x_wconf 74' lang='lat' dir='ltr'><strong>Senlz&#39;rent]</strong></span> <span class='ocrx_word' id='word_1_425' title='bbox 501 2802 590 2835; x_wconf 84' lang='lat' dir='ltr'><strong>Quid</strong></span> <span class='ocrx_word' id='word_1_426' title='bbox 617 2812 727 2834; x_wconf 85' lang='lat' dir='ltr'><strong>rerum</strong></span> <span class='ocrx_word' id='word_1_427' title='bbox 755 2811 870 2843; x_wconf 83' lang='lat' dir='ltr'><strong>agere-</strong></span> 
     </span>
    </p>
   </div>
  </div>
 </body>
</html>
