1773 3121
216 211 329 254 1910
699 228 742 258 P.
775 227 933 259 ovrmr
966 228 1179 259 NAsoms

217 317 354 359 Hunc
375 332 536 360 morem
560 320 737 371 AEneas,
760 322 939 375 pietatis
959 324 1141 365 idoneus
1162 325 1325 372 auctor,

270 386 431 429 Attulit
450 389 491 428 in
513 393 666 438 terras,
683 389 806 442 juste
826 391 996 441 Latine,
1020 396 1131 432 tuas.

216 451 297 495 {ue
317 455 449 508 patris
472 455 615 496 Genio
637 458 834 499 solennia
855 459 966 499 dona
989 459 1180 509 ferebat3
1579 457 1665 498 545

271 521 392 562 Hinc
413 524 564 576 populi
580 525 695 564 tritus
718 525 934 565 edidicere
954 526 1069 578 pios.

213 589 277 628 At
298 590 533 642 quondam,
551 591 650 630 dum
672 592 797 645 longa
819 596 970 644 gerunt
991 591 1263 644 pugnacibus
1283 590 1413 631 armis

271 656 410 707 Bella,
434 656 683 698 Parentales
704 659 928 699 deseruere
949 659 1059 699 dies.

213 722 321 763 Non
342 724 517 777 impune
538 724 644 766 fuit:
674 739 775 766 nam
798 726 958 766 dicitur
977 728 1119 766 omine
1141 725 1197 766 ab
1218 725 1302 765 isto

151 837 159 851 x
270 789 415 830 Roma
436 791 694 831 suburbanis
715 792 954 832 incaluisse
974 794 1103 843 rogis.
1579 792 1663 832 550

157 852 163 867 ’
211 855 305 896 Vix
327 857 533 909 equidem
555 857 712 898 credo:
745 858 887 897 bustis
903 859 1048 898 exisse
1069 858 1277 908 seruntur,

269 921 327 963 Et
347 923 494 963 tacitae
517 923 664 974 questi
685 926 880 975 tempore
901 923 1041 963 noctis
1064 923 1149 963 avi.

211 988 384 1041 Perque
402 989 498 1029 vias
521 988 670 1038 Urbis,
694 989 935 1043 Latiosque
955 990 1147 1031 ululasse
1170 1003 1244 1043 per
1265 1002 1393 1043 agros

274 1055 507 1096 Deformes
530 1056 714 1106 animas,
737 1058 897 1110 vulgus
918 1059 1059 1107 inane,
1083 1058 1235 1098 ferunt.

212 1121 322 1163 Post
344 1136 398 1163 ea
414 1123 622 1176 praeteriti
644 1124 821 1164 tumulis
843 1124 1079 1165 redduntur
1098 1124 1281 1165 honores
1299 1138 1309 1176 3
1574 1126 1666 1167 555

269 1189 583 1243 Prodigiisque
601 1191 721 1231 venit
742 1191 1056 1244 funeribusque
1078 1191 1250 1233 modus.

206 1318 328 1358 positis.
372 1319 489 1349 AEneas
515 1322 616 1350 certus
639 1323 746 1350 auctor
769 1320 898 1359 pietatis
924 1320 1049 1350 induxit
1073 1320 1152 1351 hunc
1177 1320 1275 1350 ritum
1299 1320 1333 1350 in
1358 1323 1457 1350 terras
1481 1322 1563 1357 tuas,
1579 1319 1665 1358 juste

209 1360 335 1391 Latine.
380 1361 440 1391 Ille
462 1361 607 1401 portabat
632 1372 756 1392 munera
776 1364 911 1393 solennia
930 1363 1031 1393 Genio
1043 1363 1209 1402 parentis,·
1231 1363 1302 1392 inde
1315 1363 1419 1402 populi
1432 1363 1665 1402 perdidicerunt

204 1402 277 1442 pias
292 1403 479 1433 cerimonias.
524 1406 567 1433 At
583 1404 666 1441 olim,
681 1405 754 1434 dum
766 1408 878 1442 gerunt
900 1405 990 1440 longa
1005 1405 1080 1434 bella
1094 1405 1190 1434 armis
1203 1405 1404 1443 pugnacibus,
1418 1404 1582 1435 omiserunt
1597 1405 1664 1435 dies

208 1445 407 1476 Parentales,
453 1446 525 1475 Non
543 1445 612 1482 fuit
628 1446 758 1475 inultum
773 1457 782 1475 :
806 1456 876 1476 nam
895 1446 992 1476 Roma
1018 1446 1134 1476 dicitur
1160 1446 1309 1482 calefacta
1324 1447 1410 1485 rogis
1423 1446 1602 1477 suburbanis
1624 1446 1663 1476 ab

209 1487 270 1517 isto
286 1487 395 1517 omine.
441 1488 541 1526 AEgre
556 1488 695 1527 equidem
708 1488 809 1528 fidem
824 1487 974 1519 adhibeo:
996 1488 1047 1518 avi
1063 1488 1162 1527 questi
1187 1488 1332 1518 dicuntur
1351 1488 1502 1528 prodiisse
1515 1489 1664 1527 sepulcris

210 1532 346 1568 ternpore
373 1530 471 1559 noctis
497 1531 640 1561 silentis:
664 1533 754 1570 atque
768 1531 868 1569 aiunt,
891 1530 1010 1561 animas
1033 1533 1149 1570 turpes,
1163 1531 1304 1570 populum
1319 1534 1440 1560 tenuem
1466 1530 1596 1560 ululasse
1608 1539 1664 1570 per

209 1571 291 1601 vicos
312 1571 417 1611 Urbis,
432 1575 462 1602 et
474 1582 531 1612 per
547 1582 670 1613 campos
684 1573 823 1604 Latinos.
869 1573 947 1604 Post
962 1573 1016 1604 illa
1030 1573 1157 1604 honores
1172 1573 1276 1604 omissi
1291 1575 1478 1613 reponuntur
1492 1573 1640 1613 sepulcris
1651 1582 1664 1610 ‚·

821 1653 1054 1665 eeeeeeeeeeee

211 1706 330 1737 Burni.
354 1706 442 1746 conj.
460 1710 489 1737 et
512 1717 579 1746 sua,
597 1708 650 1738 vel
663 1707 717 1748 pia
733 1710 923 1739 rota—445
949 1707 1093 1741 Quidam
1115 1707 1231 1738 solenn.
1247 1706 1340 1737 rerba
1355 1706 1419 1744 fer.
1441 1715 1526 1736 unus
1544 1705 1665 1737 Heius.

210 1748 320 1784 busta,·
343 1749 431 1779 uude
448 1750 502 1779 ille
519 1751 605 1791 conj.
625 1751 833 1789 μείω-446
858 1751 898 1781 P.
928 1755 963 1782 et
988 1750 1152 1790 Excerpt.
1180 1750 1224 1781 D.
1239 1749 1434 1780 addidicere:
1458 1748 1580 1778 deinde
1594 1749 1664 1788 pios

210 1791 364 1831 plerique
379 1792 497 1831 scripti
514 1802 590 1823 cum
607 1794 696 1832 vulg.
713 1793 843 1823 Aruud.
859 1803 946 1824 suos:
970 1793 1134 1833 Neapolis
1150 1802 1190 1822 ex
1213 1792 1342 1832 scripto
1359 1790 1504 1822 malebat
1519 1800 1663 1822 notos.—

210 1836 272 1863 5-17
297 1835 384 1864 Maz.
401 1835 499 1865 Voss
515 1841 549 1866 et
565 1836 695 1866 Zulich.
712 1836 818 1874 legunt
834 1845 895 1876 pro
913 1839 1047 1874 gerum:
1070 1835 1151 1867 Jun.
1168 1839 1202 1865 et
1228 1834 1315 1865 Edd.
1333 1833 1498 1875 quaedam,
1521 1837 1560 1864 ut
1575 1833 1665 1864 Nea-

209 1875 295 1914 polis
314 1875 445 1913 ferunt:
478 1877 613 1917 plurimi
644 1878 745 1908 etiam
766 1878 974 1918 pugnantibus
989 1880 1176 1908 arm—548
1199 1877 1286 1908 Maz.
1303 1881 1338 1907 et
1359 1876 1426 1907 duo
1452 1876 1507 1906 alii
1523 1876 1563 1906 P.
1580 1876 1663 1906 dese-

210 1919 307 1948 ruisse
319 1919 470 1950 dcx—549
486 1920 589 1950 Liber
603 1920 752 1950 Strozzae
769 1930 839 1950 nam
847 1920 955 1957 fertur·
969 1920 1097 1949 crimine
1108 1919 1266 1949 «ιὰ-550
1282 1919 1409 1948 Thuan.
1424 1916 1661 1954 iucal.socis.—

211 1962 270 1989 551
298 1961 388 1990 Maz.
414 1962 506 1992 exiss.
524 1961 789 1999 jacentum—552
812 1962 903 1993 Maz.
935 1963 979 1992 Et
995 1961 1090 1991 tacito
1110 1963 1247 2000 q.—553
1271 1961 1407 1999 Latiosq.
1433 1968 1475 1989 ex
1501 1959 1599 1989 Voss.
1626 1962 1663 1989 et

211 2001 318 2032 tribus
335 2003 427 2035 Med.
455 2004 606 2035 restituit
633 2004 753 2035 Heius.
777 2013 838 2044 pro
866 2004 955 2044 vulg.
972 2003 1080 2044 latosq.
1109 2003 1164 2033 Fr.
1179 2003 1259 2033 latos
1275 2002 1396 2033 omisso
1410 2003 1583 2042 que.—-556
1607 2000 1661 2032 Fr.

868 2098 1007 2130 NOTAE

210 2171 260 2201 iia
277 2171 498 2212 intelligenda
513 2182 586 2203 esse
604 2182 743 2211 censeo3
762 2173 849 2214 quod
867 2182 909 2204 ex
964 2172 1123 2203 AEneidos
1138 2181 1172 2203 v.
1190 2174 1357 2212 repetere.
1441 2213 1445 2217 ῃ

209 2221 370 2253 AEneidos
386 2223 516 2263 quinto,
534 2227 636 2264 atque
656 2223 698 2254 ab
714 2223 820 2254 AEuea
836 2224 908 2264 ipso
1006 2226 1069 2254 546
1094 2223 1195 2263 Hinc]
1217 2223 1270 2254 Ab
1287 2223 1360 2263 ipso
1373 2222 1489 2254 AEnea.

210 2271 369 2301 Anchisae
398 2273 484 2311 patri
513 2273 628 2303 relatis
655 2271 828 2313 feralibus,
854 2284 908 2305 ve·
1005 2277 1068 2304 548
1091 2273 1289 2312 Parentales]
1306 2272 1448 2311 Quibus,
1465 2282 1525 2313 pro
1540 2281 1660 2314 paren-

210 2330 281 2351 rum
301 2331 373 2352 esse
389 2321 488 2353 facile
505 2322 792 2354 demonstravero.
963 2324 1053 2355 tibus
1082 2329 1116 2355 et
1146 2323 1331 2364 majoribus
1359 2324 1532 2363 extinctis,
1547 2323 1662 2364 epulas

253 2374 313 2402 543
339 2372 485 2412 Idoneus]
508 2373 644 2413 Quippe
659 2373 787 2413 pietate
803 2383 906 2415 super
961 2375 1002 2405 ad
1020 2384 1135 2406 eorum
1151 2374 1307 2414 sepulcra
1321 2372 1488 2403 ferebant.

211 2422 338 2453 mihera
353 2428 462 2453 notus.
1003 2424 1186 2463 Deseruere]
1221 2424 1285 2454 Vix
1320 2422 1454 2454 aliunde
1490 2421 1579 2452 istud
1615 2421 1660 2453 sit

253 2475 313 2503 544
338 2473 464 2513 Latine]
504 2475 709 2506 Laurentum
743 2486 802 2507 rex
829 2475 907 2515 fuit,
960 2475 1181 2516 probandum.
1236 2473 1363 2503 Verum
1398 2471 1440 2501 de
1477 2471 1526 2501 his
1564 2472 1660 2512 nugis

209 2523 305 2563 cujus
335 2522 439 2553 filiani
464 2524 638 2556 Laviniam
663 2527 786 2557 AEneas
811 2527 907 2558 duxit
961 2525 1095 2556 dubiam
1112 2534 1172 2555 cur
1187 2523 1348 2554 faciamus
1361 2521 1505 2552 Nasonis
1519 2520 1644 2552 fidem?

210 2582 361 2604 uxorem.
1004 2577 1069 2606 549
1093 2572 1220 2612 Omine]
1256 2571 1439 2612 Impietate
1468 2581 1549 2602 sane
1577 2572 1660 2603 nihil

253 2626 313 2653 545
351 2622 466 2662 Genio]
510 2624 668 2655 Manibus
697 2625 803 2665 patris
836 2626 906 2657 An·
961 2624 1067 2664 magis
1084 2623 1281 2653 ominosum.

210 2674 325 2712 cliisae,
339 2674 393 2704 cui
410 2679 567 2715 tanquam
590 2675 667 2706 Deo
693 2685 790 2706 sacra
813 2676 906 2707 insti-
1004 2677 1066 2705 550
1089 2671 1294 2712 Subur-bunis]
1318 2672 1366 2703 Hi
1391 2671 1477 2703 enim
1494 2675 1574 2704 ante
1595 2673 1659 2704 Ur-

210 2725 287 2755 tuit.
961 2724 1036 2755 bein
1053 2722 1306 2753 excitabantur.

253 2773 413 2813 solennia]
439 2773 492 2806 Ne
519 2774 636 2815 pigeat
652 2784 720 2807 rem
739 2779 843 2807 totam
865 2786 906 2807 ex
1003 2772 1184 2812 Incaluisse]
1212 2771 1326 2813 Atque
1341 2772 1427 2804 adeo
1440 2773 1599 2814 plurimos
1614 2774 1658 2806 ob
