1773 3121
184 230 297 273 1944

677 242 719 271 P.
751 241 909 272 OVIDII
942 239 1159 272 NASONIS

185 334 215 376 J
218 347 405 376 unonem
425 334 595 388 Sparte,
616 335 997 389 Pelopeiadesque
1016 336 1221 390 Mycenae
1239 349 1248 376 :

243 401 497 453 Piuigerum
519 402 656 443 Fauni
677 402 882 444 Maenalis
904 417 981 444 ora
1002 407 1146 456 caput.

187 467 310 508 Mars
332 468 463 509 Latio
484 470 755 510 venerandus
777 475 881 520 erat,
904 471 1009 524 quia
1028 468 1237 523 praesidet
1258 466 1409 509 armis.

244 534 383 574 Arma
401 535 507 576 ferae
529 536 644 588 genti
664 549 843 590 remque
864 537 1088 590 decusque
1107 537 1283 578 dabant.

190 599 323 650 Quod
343 602 381 642 si
400 601 513 642 forte
532 615 683 653 vacas,
705 604 959 657 peregrinos
980 604 1149 657 inspice
1172 603 1356 644 Fastos:

248 668 421 709 Mensis
442 670 486 709 in
504 669 573 710 his
595 671 729 716 etiam
748 672 918 710 nomine
940 669 1099 710 Martis
1117 670 1214 710 erit.

189 732 363 775 Tertius
386 734 586 785 Albanis,
611 737 789 789 quintus
806 736 892 776 fuit
912 737 988 776 ille
1012 736 1230 777 Faliscis:

248 800 411 841 Sextus
431 802 553 854 apud
573 803 781 855 popuIOS,
804 802 1000 842 Hernica
1020 805 1149 852 terra,
1169 806 1284 843 tuos.

190 865 307 910 Inter
326 866 547 916 Aricinos,
569 867 831 920 Albanaque
853 871 1053 920 tempora
1072 872 1278 909 constant

250 933 475 986 Factaque
495 934 704 986 Telegoni
723 934 889 974 moenia
911 934 1031 974 celsa
1052 946 1200 973 manu.

193 997 408 1048 Quintum
429 1000 687 1051 Laurentes,
706 1002 776 1041 bis
799 1001 1000 1053 quintum
1019 1000 1283 1054 AEquicolus
1305 1012 1447 1054 asper,

250 1066 295 1108 A
314 1068 452 1108 tribus
471 1069 586 1108 hunc
606 1069 793 1121 primum
814 1069 941 1110 turba
962 1067 1169 1110 Curensis
1190 1068 1337 1109 habet.

201 1166 382 1205 Vulcanum,
407 1167 524 1206 Sparta
548 1172 578 1198 et
607 1169 744 1208 Mycenoe
771 1170 967 1209 Pelopeiades
989 1169 1154 1207 Junonem,
1179 1177 1234 1198 ora
1259 1166 1407 1198 Maenalis
1429 1168 1524 1206 capue
1547 1163 1652 1199 Fauni

192 1208 375 1248 piniferum.
421 1210 513 1238 Mars
538 1214 605 1240 erat
627 1220 713 1240 sacer
735 1211 841 1249 Latio,
868 1212 941 1251 quia
965 1214 1077 1250 proeest
1100 1209 1208 1240 armis.
1250 1210 1348 1241 Arma
1362 1207 1517 1249 parabant
1538 1215 1608 1246 opes
1622 1207 1654 1237 et

197 1250 340 1281 honorem
354 1260 443 1280 scm-a?
464 1252 595 1282 nationi.
643 1252 732 1286 Quod
746 1252 773 1281 si
781 1252 870 1289 forte
883 1253 1019 1292 spatium
1033 1253 1138 1289 datur,
1161 1252 1261 1281 evolve
1277 1251 1389 1282 Festos
1402 1253 1578 1285 extraneos,
1593 1247 1655 1278 erit

198 1302 313 1332 quoque
336 1293 370 1322 in
393 1293 442 1322 his
463 1294 574 1323 mensis
596 1294 716 1324 nomine
740 1294 869 1325 Martis.
915 1294 948 1324 Is
963 1293 1034 1331 suit
1060 1294 1173 1323 tertius
1197 1293 1340 1331 Albanis,
1365 1292 1491 1332 quintus
1514 1288 1655 1329 Faliscis,

197 1338 305 1365 sextus
329 1337 410 1375 apud
422 1337 551 1375 populos
565 1338 644 1375 tuos,
672 1339 755 1366 terra
772 1336 923 1367 Hernica.
971 1337 1122 1375 Tempora
1138 1334 1259 1366 Albana
1274 1334 1456 1365 conveniunt
1480 1333 1564 1362 inter
1581 1331 1655 1361 An·-

199 1377 295 1413 cinos,
322 1381 351 1407 et
367 1387 469 1408 muros
493 1378 571 1407 altos
594 1378 709 1417 positos
732 1388 824 1408 manu
844 1379 1002 1417 Telegoni.
1047 1377 1223 1407 Laurentes
1245 1377 1355 1407 habent
1378 1376 1530 1416 quintam,
1554 1382 1655 1405 saevus

202 1419 378 1460 AEqnz'colus
393 1420 554 1459 decimum,
564 1421 692 1458 populus
707 1421 851 1450 Curensis
868 1424 964 1451 tenet
981 1420 1060 1449 hunc
1070 1419 1208 1458 primum
1222 1429 1241 1449 a
1257 1418 1368 1449 tribus.
1401 1418 1498 1449 Miles
1511 1415 1655 1457 Peligne‚

949 1497 1046 1508 «ΝΜ

201 1554 285 1582 -84
310 1551 400 1581 Maz.
419 1551 504 1582 alter
520 1552 724 1591 Cornigerum
741 1552 780 1583 F.
797 1551 894 1582 multi
911 1550 1186 1589 Pinfferum.—86
1209 1548 1315 1581 Liber
1330 1549 1475 1580 Strozzae
1489 1546 1657 1586 Armiferae

200 1594 516 1632 genti...dabat.—87
541 1594 595 1625 Sa.
620 1599 656 1626 et
672 1594 807 1634 plurimi
836 1594 891 1624 alii
913 1593 995 1631 fort.
1018 1596 1121 1629 vacat,
1143 1595 1350 1633 peregr.——90
1372 1592 1475 1623 Vossf
1496 1594 1531 1622 et
1548 1590 1658 1631 pr.'P.

203 1636 293 1666 Sext.
309 1636 400 1667 habet
426 1646 498 1676 pop.
544 1637 628 1667 Mox
651 1637 731 1668 Pet.
745 1637 873 1667 Hernea
889 1647 900 1673 ;
923 1636 1039 1667 Burm.
1054 1641 1167 1676 putat.
1184 1644 1246 1675 pro
1265 1633 1479 1665 Herma-91
1506 1633 1659 1664 Constant

204 1688 246 1708 ex
262 1678 375 1709 Ursin.
395 1684 430 1709 et
447 1683 590 1720 quatuor
614 1679 708 1717 aliis3
743 1680 835 1718 vulg.
862 1681 1004 1709 constat:
1041 1679 1099 1709 alii
1123 1680 1238 1717 restat,
1250 1677 1305 1708 vel
1319 1678 1536 1708 restant.—93
1558 1675 1659 1715 Asper

206 1722 465 1760 praestantiores
481 1731 601 1761 magno
617 1731 769 1754 numero.
792 1721 907 1753 Heins.
940 1720 1009 1751 Alii
1025 1722 1193 1751 acere-94
1218 1720 1363 1751 Curensis
1379 1718 1498 1749 Heius.
1512 1717 1660 1758 rescrip-

205 1763 249 1794 sit
262 1772 304 1794 ex
321 1764 435 1796 Ursin.
460 1764 589 1795 Zulich.
606 1764 748 1805 aliisque
772 1763 892 1795 decem
917 1763 1112 1795 melioribus
1129 1763 1196 1794 suis
1211 1772 1272 1804 pro
1287 1762 1377 1803 vulg.
1393 1760 1553 1799 forensis.-
1575 1768 1659 1791 unus

860 1839 1001 1871 NOTAE

207 1913 262 1943 ubi
280 1916 316 1943 et
330 1911 506 1943 ferrariam
523 1913 677 1944 exercuit
693 1912 831 1945 claudus
848 1913 907 1945 ille

206 1963 316 1993 Deus.
341 1962 394 1992 Ab
411 1963 605 2002 Hypsipyle
622 1967 734 1994 autem
745 1963 907 1994 Thoantis

209 2012 300 2051 regis
316 2010 386 2042 filia
402 2011 519 2042 insulae
536 2012 653 2042 datum
669 2021 864 2052 cognomen.

252 2063 292 2093 83
316 2059 444 2100 Sparte]
468 2061 553 2093 Quae
570 2061 636 2092 alio
658 2062 793 2093 nomine
806 2063 911 2093 Lace-

209 2110 344 2140 daemon
360 2109 495 2148 dicitur,
516 2110 744 2150 Peloponnesi
761 2111 837 2142 urbs
852 2121 909 2142 no-

211 2160 279 2190 tior
304 2168 402 2200 quam
427 2163 465 2189 ut
490 2159 533 2189 de
556 2168 596 2190 ea
617 2160 798 2202 quicquam
824 2171 909 2202 opus

212 2210 255 2240 sit
274 2209 399 2239 dicere.

254 2260 469 2300 Pelopeiades]
498 2259 588 2292 Quia
610 2260 643 2291 in
668 2270 709 2292 ea
733 2261 908 2302 Pelopidae

213 2314 405 2350 regnarunt,
417 2319 436 2339 a
452 2309 572 2350 quibus
585 2314 692 2342 auctae
707 2312 876 2352 Mycenae.

255 2362 297 2391 84
313 2359 512 2399 Pinigerum]
534 2360 685 2391 Faunum
701 2361 811 2401 ipsum
828 2362 910 2402 pinu

212 2413 422 2449 coronatum,
436 2410 478 2440 de
495 2419 559 2450 quo
574 2411 606 2441 in
624 2410 909 2450 praecedentibus.

258 2460 406 2490 Moenalis
420 2459 487 2498 ora]
504 2459 662 2500 Arcadia,
679 2461 733 2492 cui
749 2470 768 2491 a
784 2461 911 2492 Maena·

215 2512 246 2541 lo
262 2513 377 2542 monte
395 2509 540 2549 pinifero
557 2510 640 2541 illud
657 2520 788 2542 nomen.

259 2562 298 2590 85
330 2559 438 2598 Latio]
471 2559 541 2588 Pro
569 2560 726 2591 Romanis
748 2560 829 2601 ipsis
854 2570 911 2601 po-

217 2610 295 2641 suit.

260 2662 300 2689 87
325 2658 524 2699 Peregrinos]
545 2659 697 2690 Aliarum
723 2658 855 2690 urbium
878 2659 912 2689 in

218 2710 330 2740 ltalia.

263 2762 304 2791 89
330 2757 470 2798 Albanis]
495 2757 546 2789 Ab
570 2758 658 2790 Alba
672 2759 798 2800 Longa,
814 2768 912 2799 quam

961 1914 995 1944 in
1024 1913 1124 1944 Latio
1162 1911 1314 1943 condidit
1343 1909 1510 1941 Ascanius
1544 1908 1660 1939 AEneae

960 1964 1062 2003 filius,
1074 1974 1115 1995 eo
1130 1964 1264 1994 nomine
1279 1961 1364 1992 dicti
1378 1964 1468 1991 sunt.

1005 2013 1152 2053 Faliscis]
1192 2012 1265 2043 Hos
1294 2010 1438 2041 vidimus
1468 2008 1541 2050 jam
1569 2017 1661 2049 saepe

961 2063 1137 2095 Hetruriae
1161 2063 1318 2103 populos,
1341 2060 1495 2091 celebres
1520 2062 1663 2099 propter

963 2113 1115 2155 gramina
1130 2122 1190 2143 sna
1207 2116 1243 2143 et
1257 2112 1360 2142 boves
1376 2109 1549 2141 candidos.

1005 2165 1047 2194 90
1080 2162 1238 2202 Hernica]
1273 2160 1442 2192 Hernicos
1479 2159 1576 2199 dicit,
1605 2157 1665 2200 qni

963 2213 1037 2244 loca
1060 2222 1181 2243 saxosa
1204 2212 1238 2242 in
1262 2210 1361 2242 Latio
1383 2212 1474 2241 inter
1488 2209 1612 2250 AEquos
1627 2211 1663 2239 et

963 2264 1103 2295 Volscos
1116 2263 1293 2300 tenebant,
1305 2265 1402 2293 sexto
1413 2261 1488 2292 loco
1498 2259 1664 2291 Martium

963 2324 1113 2346 mensem
1129 2322 1333 2345 numerasse.

1007 2367 1047 2395 91
1085 2364 1246 2404 Aricinos]
1284 2362 1350 2395 Qui
1380 2360 1469 2392 Latii
1499 2358 1663 2401 oppidum

964 2413 1114 2446 Ariciam
1132 2413 1305 2444 tenebant.

1009 2462 1176 2502 Constant]
1199 2460 1425 2492 Conveniunt.
1470 2458 1569 2489 Inter
1587 2456 1664 2488 Ari-

965 2513 1071 2548 cinos,
1087 2516 1122 2541 et
1135 2510 1270 2541 Albana
1285 2508 1416 2547 moenia,
1427 2517 1484 2538 seu
1500 2506 1666 2548 Albanos,

964 2565 1001 2593 et
1015 2560 1222 2592 Tusculanos
1238 2561 1396 2589 constant
1415 2561 1579 2597 tempora.

1008 2613 1049 2641 92
1076 2607 1233 2647 Telegoni]
1257 2606 1383 2647 Ulyssis
1406 2604 1471 2636 fuit
1498 2615 1539 2636 ex
1563 2605 1665 2637 Circe

966 2660 1066 2698 filius,
1080 2658 1136 2699 qui
1149 2658 1335 2688 Tusculum
1347 2656 1452 2687 arduo
1465 2655 1497 2686 in
1514 2655 1600 2687 colle
1614 2658 1666 2688 12.

969 2711 1010 2741 ab
1027 2708 1120 2739 Urbe
1136 2706 1249 2747 lapide
1265 2705 1430 2737 condidit.
1617 2747 1619 2749 ι

1010 2762 1050 2790 93
1076 2757 1244 2797 Quintum]
1268 2757 1420 2788 Mensem
1442 2756 1604 2789 Martium
1619 2754 1665 2788 fe·
