1773 3121
262 209 375 252 1984
746 225 787 256 P.
821 225 978 256 ovmn
1012 225 1225 258 NAsoms

263 312 373 355 Illuc
395 327 551 357 cursus
571 321 675 359 erat.
735 318 835 361 Nec
853 321 1023 375 longius
1041 322 1181 362 abfuit
1199 321 1313 372 inde,

319 381 466 432 Quam
487 391 698 438 quantum
718 388 870 429 novies
889 390 1057 430 mittere
1077 389 1212 430 funda
1231 393 1388 443 potest.

262 448 376 490 Vela
398 451 556 492 cadunt
573 453 728 506 primo,
751 459 795 495 et
816 454 951 496 dubia
969 456 1180 496 librantur
1201 457 1256 497 ab
1278 468 1397 497 aura.
1526 496 1532 499 ,
1625 456 1709 498 585

322 515 497 558 Findite
516 520 709 574 remigio,
730 522 882 562 navita
902 523 1033 571 dixit,
1057 536 1213 576 aquas.

262 583 469 637 Dumque
490 591 646 638 parant
665 592 779 630 torto
801 590 1043 631 subducere
1064 592 1251 632 carbasa
1268 590 1373 640 lino,

319 651 562 693 Percutitur
581 655 737 709 rapido
759 658 927 711 puppis
949 658 1121 699 adunca
1138 659 1262 699 Noto
1281 672 1290 699 z

261 716 402 771 Inque
421 724 580 772 patens
602 735 767 775 aequor,
788 724 949 764 frustra
968 730 1186 778 pugnante
1208 725 1434 777 magistro,

320 785 496 827 Fertur:
528 793 569 828 ot
588 801 644 828 ex
666 790 810 829 oculis
832 791 930 830 visa
947 791 1108 842 refugit
1126 792 1298 832 humus.
1622 789 1707 832 590

261 850 480 893 Assiliunt
501 854 675 903 fluctus,
697 856 873 908 imoque
894 869 920 896 a
940 857 1103 908 gurgite
1123 862 1287 910 pontus

316 920 526 969 Vertitur,
546 927 590 960 et
609 934 741 961 canas
763 922 918 963 alveus
936 923 1076 963 haurit
1096 936 1247 976 aquaS.

259 985 463 1027 Vincitur
483 1000 553 1028 ars
572 992 705 1028 vento
722 1002 731 1029 z
761 1002 840 1029 nec
856 988 951 1042 jam
971 988 1216 1029 moderator
1234 989 1416 1031 habenis

318 1053 480 1103 Utitur,
512 1058 555 1094 at
573 1054 688 1095 votis
705 1068 716 1096 :
745 1055 816 1096 hic
836 1068 1012 1109 quoque
1033 1056 1183 1108 poscit
1203 1068 1347 1109 opem.

259 1119 288 1161 J
292 1124 461 1161 actatur
481 1121 672 1161 tumidas
693 1122 799 1162 exul
821 1121 1058 1162 Phoenissa
1077 1135 1154 1176 per
1171 1122 1312 1163 undas
1331 1135 1342 1174 ;
1624 1120 1709 1165 595

316 1187 604 1241 Humidaque
626 1188 836 1241 opposita
854 1188 1019 1229 lumina
1039 1192 1160 1230 veste
1178 1189 1295 1242 tegit.

255 1297 373 1336 pellant
389 1297 549 1328 Cameren.
591 1297 671 1328 Illuc
684 1296 848 1328 tendebant
857 1306 869 1333 ;
891 1306 985 1337 neque
1001 1297 1122 1337 longius
1136 1298 1206 1328 iude
1221 1297 1334 1336 abfuit,
1348 1306 1436 1337 quam
1452 1296 1709 1336 quantumsunda

254 1342 355 1379 potest
359 1340 464 1377 jacere
477 1340 588 1370 novies.
637 1340 712 1371 Vela
724 1340 825 1379 primo
840 1341 963 1378 cadunt,
978 1343 1008 1370 et
1028 1341 1145 1370 lzcerent
1159 1350 1199 1370 ex
1213 1343 1301 1370 vento
1315 1341 1441 1370 incerto.
1488 1339 1595 1370 Naue«
1610 1339 1708 1379 dixit,

259 1382 386 1412 Pulsate
400 1392 494 1421 aquas
508 1382 648 1420 remigio.
691 1382 796 1421 Atque
811 1384 882 1412 dum
896 1382 1060 1412 intendunt
1075 1383 1236 1413 demittere
1251 1383 1318 1413 vela
1336 1381 1466 1419 funibus
1479 1381 1583 1419 tortis,
1596 1382 1709 1422 puppis

257 1433 350 1454 curra
366 1424 508 1464 quatitur
515 1424 642 1462 furente
658 1424 793 1458 Austro;
815 1428 907 1464 atque
931 1424 1103 1463 impellitur
1119 1425 1150 1454 in
1165 1428 1307 1464 apertu-m
1321 1433 1416 1461 mure,
1431 1423 1573 1454 nauclero
1587 1424 1709 1464 nequic-

258 1476 346 1505 quam
361 1467 513 1496 renitente
525 1476 536 1502 ;
559 1469 648 1505 atque
663 1469 746 1496 terra
762 1469 919 1506 conspecta
934 1467 1049 1496 recedit
1065 1466 1102 1496 ab
1121 1467 1225 1497 oczflt..
1274 1466 1372 1496 Uudoe
1387 1466 1563 1502 incurrunt,
1579 1468 1609 1495 et
1624 1475 1707 1497 mare

256 1509 376 1538 eruitur
390 1518 409 1538 a
420 1508 573 1548 profundo
586 1508 725 1546 gurgite,
740 1511 769 1538 et
784 1508 890 1538 carina
913 1508 997 1538 ducit
1012 1508 1097 1538 albas
1115 1518 1220 1548 aquas.
1264 1509 1328 1538 Ars
1341 1510 1503 1547 superatur
1523 1509 1613 1536 vento
1622 1517 1634 1542 ,·
1656 1517 1709 1538 ne-

257 1560 314 1590 que
335 1551 405 1588 jam
432 1550 622 1589 gubernator
648 1550 746 1580 utitur·
768 1551 974 1589 gubernaculo
999 1552 1052 1581 sed
1071 1551 1230 1590 precibus:
1253 1550 1303 1581 hic
1327 1551 1422 1580 etiam
1441 1548 1523 1589 petit
1545 1549 1709 1581 auxilium.

257 1592 400 1633 Profuga
419 1593 578 1624 Phoenissa
591 1593 736 1632 agitatur
758 1603 815 1634 per
831 1593 951 1635 fluctus
976 1593 1130 1633 turgidos,
1154 1596 1184 1624 et
1209 1593 1289 1624 velat
1315 1593 1415 1623 oculos
1436 1590 1574 1622 madidos
1593 1592 1709 1623 amictu

865 1666 1098 1677 eeeeeeeeeee

256 1720 370 1741 meren.
396 1710 467 1741 Alii
489 1710 603 1750 etiam,
627 1714 663 1741 ut
690 1710 783 1749 alibi,
809 1710 890 1741 turb.
918 1713 1122 1741 rocam—585
1159 1709 1200 1741 Τὸ
1224 1713 1256 1741 et
1280 1709 1376 1741 abest
1407 1719 1424 1740 a
1449 1708 1545 1740 Voss.
1570 1707 1722 1753 Arund5

258 1754 388 1785 Zulich.
404 1754 495 1785 Maz.
513 1758 549 1784 et
565 1753 673 1783 tribus
686 1753 771 1784 aliis.
816 1753 926 1784 Iidem
942 1753 1013 1784 dub.
1031 1753 1192 1784 vibrantur
1206 1753 1255 1783 ab.
1277 1752 1405 1783 Thuan.
1422 1752 1454 1782 iu
1467 1761 1554 1782 aura.
1582 1751 1703 1782 Heins.

257 1796 427 1826 distichon
440 1796 487 1826 sic
505 1796 682 1826 constituit
704 1796 740 1827 V.
756 1797 889 1826 cadunt.-
909 1797 1009 1836 prz'mo
1024 1797 1056 1826 d.
1076 1797 1096 1826 l.
1119 1799 1155 1826 ut
1179 1806 1208 1827 a.
1227 1795 1266 1826 F.
1287 1805 1315 1825 r.
1331 1796 1382 1834 85⁶.
1401 1795 1518 1825 Burm.
1545 1793 1633 1833 conj.
1666 1793 1705 1825 V.

258 1840 382 1877 cudant,
398 1843 478 1869 etue
499 1839 530 1869 d.
556 1839 707 1869 librentur
732 1838 770 1868 ab
789 1848 819 1868 a.
847 1839 886 1869 F.
911 1849 940 1869 r.
959 1839 1117 1878 ssa—58⁷
1147 1837 1331 1877 Gottorph.
1347 1841 1420 1868 tort.
1435 1836 1613 1867 submittere
1623 1836 1710 1867 carb-

256 1881 393 1912 Deinde
406 1881 440 1911 in
455 1890 525 1911 voc,
541 1882 601 1911 lino
617 1891 676 1920 pro
694 1891 762 1911 var.
779 1882 856 1912 lect.
874 1881 925 1912 Fr.
944 1881 1042 1911 habet
1058 1882 1256 1912 malm—589
1270 1880 1421 1919 Fr.Terq.
1433 1882 1500 1919 pat.
1513 1885 1549 1909 et
1563 1878 1632 1918 Inq.
1645 1887 1708 1918 pro

258 1933 331 1954 var.
347 1924 537 1954 lect.-59·2
562 1924 652 1953 Olim
679 1924 767 1963 conj.
791 1923 909 1954 Heius.
940 1923 1094 1961 Vertitur,
1110 1927 1140 1953 et
1162 1934 1228 1954 can.
1245 1923 1286 1953 P.
1303 1926 1333 1953 et
1347 1923 1448 1952 calz-as
1460 1922 1629 1952 alm—594
1650 1919 1707 1950 Sic

258 1974 308 1997 vs,
323 1965 458 2005 refingit
475 1966 594 1995 Heinz.
614 1966 700 2003 vulg.
717 1966 896 1997 legebatur
917 1966 1045 1996 Utitur:
1067 1969 1100 1995 at
1113 1966 1192 1995 votis
1208 1967 1235 1995 is
1248 1974 1336 2005 quoq.
1360 1964 1470 1993 Ursin.
1485 1965 1541 1992 aut
1554 1961 1635 2008 rotis
1645 1960 1709 1991 Dis

260 2017 349 2047 quoq.
375 2008 525 2046 Nauger.
542 2011 573 2037 at
590 2018 617 2038 v.
635 2008 712 2038 Dis.-
735 2009 834 2038 Voss.
850 2008 968 2045 etiam,
991 2007 1120 2038 Arund.
1144 2008 1219 2037 Pet.
1249 2016 1299 2045 pr.
1318 2005 1358 2035 A.
1373 2010 1407 2034 et
1423 2003 1518 2033 multi
1535 2003 1589 2032 alu
1604 2005 1658 2033 aut
1676 2012 1706 2034 v.

258 2049 388 2079 Zulich.
412 2059 430 2078 a
444 2059 495 2086 pr.
517 2059 603 2079 man.
617 2061 633 2078 a
651 2050 729 2079 rotis
744 2061 754 2085 ;
778 2051 897 2085 aliiae,
915 2051 967 2079 vel
983 2054 1024 2080 et.
1071 2050 1140 2079 Pro
1156 2049 1184 2078 is
1198 2058 1256 2078 sex
1283 2047 1360 2077 libri
1375 2046 1444 2080 his;
1469 2046 1558 2075 Maz.
1571 2049 1606 2075 et
1622 2054 1706 2076 uuus

259 2090 354 2121 Med.
367 2090 424 2121 hic.
441 2091 539 2120 Unde
560 2091 676 2120 Heius.
694 2097 842 2121 nostram
861 2092 1037 2121 lectionem
1056 2090 1196 2129 protulit
1211 2100 1218 2127 ;
1241 2089 1306 2126 vel,
1318 2088 1373 2118 rix
1384 2098 1470 2127 quoq.
1487 2088 1601 2118 Burni.
1613 2087 1707 2127 conj.

259 2132 303 2162 sic
318 2142 455 2172 quoque,·
478 2133 552 2168 nisi,
569 2133 646 2171 quia
663 2133 725 2162 Dis
740 2138 791 2162 est
819 2133 850 2162 in
876 2133 1000 2168 multis,
1015 2132 1110 2161 malit
1138 2132 1268 2161 Utitur:
1302 2141 1320 2160 a
1339 2131 1416 2160 votis
1434 2130 1550 2169 Disque
1575 2130 1708 2170 reposcit

259 2184 356 2216 opem.
373 2174 493 2205 Heins-
511 2175 614 2204 etiam
631 2175 826 2214 conjecerat
850 2178 884 2204 ut
911 2174 989 2205 votis
1013 2183 1104 2213 usque
1128 2174 1259 2213 reposcit
1273 2182 1366 2213 opem.
1390 2173 1444 2204 Fr.
1459 2173 1562 2204 habet
1575 2182 1595 2203 α
1609 2172 1708 2204 ventis

917 2260 1052 2292 NOTAE

302 2326 365 2355 583
391 2324 521 2364 Cursus]
557 2325 598 2355 In
629 2334 704 2355 eum
735 2335 851 2366 agrum
879 2335 955 2356 con·
1010 2334 1085 2355 cum
1102 2323 1292 2355 retrocedit
1310 2324 1414 2354 navis.

262 2375 457 2406 tendebant.
1053 2378 1115 2406 592
1142 2374 1257 2413 Canas]
1282 2374 1386 2404 Albas
1400 2385 1408 2412 ;
1424 2373 1612 2415 cujusmodi
1628 2377 1709 2406 sunt

303 2427 365 2455 581
390 2425 514 2465 Fuudu]
538 2425 661 2455 Antea
685 2424 847 2456 funditor.
883 2425 956 2455 Me·
1011 2426 1145 2465 quando
1158 2425 1268 2455 ventis
1281 2425 1463 2464 agitantur.

260 2477 387 2513 tonym.
404 2480 466 2504 est.
1058 2474 1182 2514 Alreus]
1206 2474 1319 2504 Curva
1335 2474 1440 2510 navis,
1454 2474 1549 2504 alveo
1564 2473 1694 2506 similis.

302 2526 363 2554 585
391 2523 527 2562 Cadunt]
548 2524 636 2555 Quia
651 2523 799 2553 desierat
812 2528 944 2555 ventus.
1055 2527 1116 2555 593
1142 2523 1296 2562 Hubenis]
1319 2523 1386 2553 Pro
1403 2523 1631 2562 gubernaculo
1647 2532 1706 2564 po-

304 2573 426 2612 Dubia]
451 2573 610 2610 lut-er1a;
637 2579 672 2602 ut
689 2572 761 2603 fieri
779 2574 863 2604 solet
881 2583 956 2605 cum
1013 2576 1089 2605 snit.

260 2627 381 2654 ventus
398 2629 556 2653 mutatur.
1053 2627 1114 2655 594
1140 2623 1282 2664 Quoque]
1300 2623 1382 2654 Cum
1394 2623 1477 2663 jam,
1492 2623 1636 2662 scilicet,
1652 2632 1707 2654 ce-

302 2676 364 2704 587
391 2673 498 2712 Torto]
548 2673 708 2712 anibus,
739 2674 859 2713 quibus
883 2674 957 2705 vela
1011 2675 1076 2706 teri
1101 2674 1214 2714 pavidi
1238 2676 1388 2705 Deorum
1415 2683 1549 2705 suorum
1566 2673 1708 2715 quisque

259 2726 426 2763 laxantur,
441 2728 500 2754 aut
516 2723 550 2754 in
566 2723 667 2754 altuni
684 2723 891 2763 panduntur.
1010 2733 1108 2765 opem
1124 2723 1356 2763 implorarent.

303 2776 367 2805 500
400 2772 549 2814 Refugit]
595 2772 769 2814 Refugere
809 2773 957 2815 videtur,
1051 2776 1112 2804 695
1138 2774 1225 2804 Exul
1250 2771 1427 2813 Phoenissa]
1461 2771 1573 2814 Anna,
1600 2771 1706 2805 scilic.
