1773 3121
463 207 927 242 METAMORPHOSEON

101 469 218 510 FAB.
249 464 414 509 XVII.

963 208 1057 240 Lis.
1091 209 1178 240 xv.
1443 200 1552 242 1731

476 464 659 506 Flumen
695 462 905 504 Ciconum
924 464 1124 506 bibentes
1156 465 1199 505 in
1227 464 1437 518 Lapidem
1458 477 1552 506 mu-

737 535 898 572 tantur.

96 634 249 666 Fummv
266 641 402 675 quoque
418 631 507 673 apud
524 630 666 662 Ciconas
683 634 749 671 est,
772 640 814 662 ex
836 640 902 672 quo
918 631 974 672 qui
998 630 1087 662 bibit
1110 630 1145 661 in
1163 630 1309 671 lapidem
1326 631 1550 663 convertitur.

93 725 326 782 FLUMEN
349 733 508 774 habent
529 732 734 782 Cicones,
757 733 878 787 quod
899 736 1052 786 potum
1075 745 1215 774 saxea
1234 733 1375 775 reddit

93 800 301 843 Viscera:
333 800 453 855 quod
473 800 606 842 tactis
626 800 793 842 inducit
812 813 1031 842 marmora
1051 801 1197 842 rebus.

93 999 212 1040 Pis.
245 998 437 1040 XVIII.

501 996 674 1038 Crathis
704 1001 751 1037 et
785 996 969 1049 Sybaris
989 1009 1139 1038 amnes
1165 997 1338 1051 capillis
1374 1009 1548 1039 aureum

653 1065 840 1105 colorem
861 1064 979 1106 dant.

166 1165 327 1197 Cumis
344 1164 462 1204 amnis,
478 1168 513 1195 et
529 1163 559 1194 ei
575 1162 716 1195 confinis
732 1161 886 1202 sybaris,
903 1161 1042 1202 capillos
1059 1161 1153 1192 aurei
1169 1161 1291 1193 coloris
1307 1160 1471 1195 efficiunt.

90 1248 351 1313 CRA'rffls,
373 1267 418 1304 et
436 1263 539 1304 huic
561 1263 743 1317 Sybaris
761 1263 923 1304 nostris
945 1264 1240 1305 conterminus
1261 1265 1393 1314 arvis,
1461 1264 1547 1307 315

89 1332 270 1374 Electro
291 1331 458 1371 similes
480 1330 647 1372 faciunt
667 1343 859 1384 auroque
880 1331 1080 1384 capillos.

130 1469 221 1492 xvn.
246 1461 374 1492 Cicones
396 1462 509 1494 habent
524 1462 673 1504 fluvium,
698 1463 751 1504 qui
763 1466 854 1504 potus
868 1463 973 1495 reddit
993 1463 1168 1504 praecordia
1188 1464 1333 1504 lapidea;
1356 1462 1411 1503 qui
1426 1463 1546 1494 inducit

87 1513 197 1534 saxum
209 1504 300 1534 rebus
311 1505 411 1535 tactis.

133 1554 239 1577 xvm.
266 1548 394 1577 Crathis
419 1550 448 1578 ee
473 1546 604 1587 Sybaris
629 1547 698 1578 huic
723 1548 930 1579 conterminus
954 1549 987 1580 in
1012 1549 1126 1580 nostris
1145 1548 1273 1588 campis,
1297 1548 1429 1578 reddunt
1443 1547 1545 1578 crines

86 1588 200 1620 simun
215 1589 324 1620 electro
339 1593 431 1629 atque
446 1599 531 1620 auro.

909 1668 929 1678 e

88 1751 174 1773 nnus
191 1741 287 1774 Med.
300 1741 337 1773 L.
351 1742 494 1772 reerexit
511 1741 665 1772 ivn—313
690 1741 782 1773 Med.
798 1743 877 1781 quod
900 1746 985 1782 potu.
1009 1743 1140 1775 Bonon.
1158 1743 1259 1775 etiam
1273 1753 1342 1775 sax.
1354 1743 1483 1774 reddat:
1506 1747 1542 1774 et

86 1790 167 1816 tnnc
183 1794 253 1825 seq.
279 1795 325 1816 vs.
343 1785 466 1815 inducat
484 1785 682 1823 legendun1;
707 1793 767 1823 pro
783 1794 848 1823 quo
873 1784 999 1816 indurat
1015 1791 1066 1817 est
1092 1787 1125 1817 in
1152 1787 1236 1817 Sixii
1258 1786 1341 1818 eod.
1358 1790 1394 1817 et
1415 1787 1448 1816 in
1475 1794 1542 1816 uno

87 1826 282 1858 Mon—315
310 1827 349 1857 In
366 1836 431 1857 uno
449 1827 543 1857 Med.
561 1830 589 1856 et
607 1827 656 1856 hic
672 1826 705 1855 S.
723 1830 758 1855 at
774 1825 845 1855 huic
859 1826 977 1859 Heius.
991 1827 1086 1858 dedit
1100 1839 1142 1859 ex
1160 1840 1210 1869 pr.
1224 1830 1298 1860 Pal.
1312 1833 1347 1859 et
1361 1837 1426 1859 uno
1444 1827 1541 1858 Leid.

86 1870 176 1911 vulg.
190 1869 282 1901 hinc:
304 1874 340 1900 et
364 1870 413 1900 sic
434 1869 550 1900 nostris
574 1877 636 1910 pro
653 1868 775 1907 vestris,
801 1872 837 1899 et
862 1869 946 1900 artis
962 1879 1022 1911 pro
1049 1871 1230 1902 oris.——316
1254 1871 1292 1902 In
1318 1881 1371 1912 pr.
1398 1870 1488 1901 Mor.
1504 1875 1540 1901 et

741 1973 880 2007 NOTAE

84 2070 152 2107 ret,
166 2066 334 2098 extinctas
351 2066 568 2098 accenderet.
603 2065 655 2097 De
671 2074 711 2097 eo
724 2065 784 2096 So-

83 2117 182 2157 linus,
195 2116 341 2154 Plinius,
359 2116 551 2155 Lucretius,
567 2115 635 2147 alii.

125 2171 188 2200 ⁸12
205 2167 371 2208 Minimas]
388 2166 534 2200 Quando
550 2166 590 2198 ad
608 2165 782 2198 defectum

84 2218 231 2251 secedit.

123 2271 186 2302 ⁸1³
212 2268 355 2309 Cicones]
377 2268 531 2299 Thracia:
549 2276 623 2297 esse
640 2267 782 2308 populos

75 2319 148 2361 jun
165 2330 257 2362 saepe
279 2321 436 2351 diximus.
476 2319 638 2351 Fluminis
655 2324 781 2358 antem,

81 2368 124 2402 de
150 2381 216 2412 qno
245 2371 298 2402 liic
326 2371 450 2411 agitur,
477 2380 597 2401 nomen
625 2370 781 2410 nuspiam

80 2426 237 2462 apparet,
261 2421 350 2463 quod
368 2422 487 2459 sciam,
511 2421 572 2451 nisi
600 2419 686 2451 sorte
714 2419 782 2450 He-

79 2469 159 2502 brus
173 2477 238 2503 est.
272 2472 327 2502 Sic
352 2471 395 2502 de
422 2482 463 2502 eo
482 2471 624 2508 Plinius,
639 2473 647 2487 ‘
668 2470 707 2500 In
726 2470 781 2500 Ci-

81 2528 201 2553 conum
218 2520 352 2553 flumina
369 2527 403 2552 ot
426 2522 459 2552 in
480 2521 608 2552 Piceno
626 2521 699 2551 lacu
716 2521 781 2551 Ve-

80 2569 150 2603 lim
165 2572 288 2611 lignun·
306 2573 480 2612 dejectum
501 2572 634 2612 lapideo
651 2571 781 2602 cortice

83 2618 283 2653 obducitur:
329 2623 406 2662 lpse
423 2628 536 2654 autem
555 2622 586 2652 in
602 2632 684 2661 agro
701 2631 781 2662 qno-

84 2668 161 2700 dun
186 2670 430 2711 Mic-bunensi,
447 2673 673 2704 pictaviensis
699 2672 782 2703 Pro-

83 2717 294 2760 vinclae,fui‚
317 2731 359 2753 ex
385 2732 451 2764 quo
476 2732 559 2763 pyra
582 2722 729 2753 collecta
745 2722 778 2753 in

82 2767 229 2811 lapidem
259 2777 430 2813 concretu,
454 2781 529 2814 quui
561 2781 638 2804 cum
663 2772 778 2806 multis

840 2068 913 2100 allis
929 2069 1106 2111 exquisitis
1122 2069 1155 2100 in
1170 2067 1319 2100 videndo
1336 2077 1396 2099 suo
1412 2068 1539 2107 reposi-

839 2118 927 2150 torio
963 2119 1095 2151 curiose
1132 2118 1302 2157 servabat,
1330 2117 1541 2158 tingentibus

838 2170 921 2202 licet
932 2171 1092 2212 improbis
1105 2170 1417 2209 calumniatoribus,
1428 2170 1541 2201 claris-

836 2220 938 2252 simus
965 2222 1174 2260 Dhuissaens‚
1198 2221 1250 2252 vir
1275 2221 1433 2261 optimus,
1459 2219 1538 2251 dum

840 2271 925 2303 vixit
950 2272 1028 2303 mihi
1059 2273 1196 2303 amicus.
1247 2271 1354 2302 Immo
1385 2279 1539 2311 segmen-

839 2326 909 2352 tum
923 2321 1072 2353 ostendit
1085 2327 1215 2353 natnrae
1231 2320 1391 2361 lapideae,
1401 2320 1433 2351 in
1446 2320 1536 2361 quod

838 2370 976 2411 lignum,
1003 2377 1172 2403 vetustate
1195 2371 1288 2412 qnasi
1314 2374 1539 2410 consumtum,

838 2420 963 2452 ferrum
974 2422 1127 2461 rubigine
1138 2431 1324 2460 corrosum,
1335 2421 1422 2462 lapis
1433 2429 1540 2451 emor-

837 2476 902 2502 tua>
933 2472 1084 2502 mollitiae
1111 2473 1144 2502 in
1171 2481 1268 2503 unam
1296 2469 1537 2512 ponderosissi-

836 2531 922 2552 mam
939 2528 1042 2563 atque
1058 2522 1268 2554 durissimam
1293 2529 1438 2552 massam
1461 2526 1535 2550 coa·

837 2571 979 2602 lucrant.

878 2626 940 2653 315
967 2622 1109 2663 Crathis]
1134 2622 1200 2654 Hic
1227 2626 1263 2652 et
1289 2618 1425 2660 Sybsris
1441 2616 1532 2647 fluvii

835 2677 914 2704 sunt
931 2672 1096 2706 Calabriae
1118 2673 1152 2705 in
1174 2677 1327 2704 extrema
1356 2666 1457 2699 Italia
1480 2676 1532 2699 or·

836 2727 906 2755 tum
922 2732 1048 2757 versus.
