1773 3121
656 215 920 248 rAs‘roRuM
955 215 1048 245 mn.
1082 217 1111 246 1.
1496 210 1607 253 1863

155 309 319 362 Thura,
342 310 606 360 sacerdotes,
626 309 858 363 pacalibus
878 308 1022 350 addite
1042 310 1256 364 flammis3

211 377 419 432 Albaque
441 389 654 431 percussa
671 376 852 418 victima
870 376 1010 418 fronte
1031 378 1178 420 cadat.
1522 381 1607 423 720

157 445 306 500 thue
327 446 495 494 domus,
516 456 616 497 quae
637 447 824 497 praestat
842 456 956 494 eam,
977 457 1078 485 cum
1099 444 1220 487 Pace
1238 450 1462 500 perennet,

210 513 282 554 Ad
301 513 379 565 pia
397 523 641 565 propensos
661 514 768 553 vota
787 514 936 563 rogate
958 511 1096 553 DeOS.

155 580 241 622 Sed
255 580 350 633 Jam
368 578 511 632 prima
528 578 616 619 mei
635 591 739 632 pars
758 582 829 619 est
847 581 1002 619 exacta
1019 577 1210 631 laboris;

209 645 410 699 Cumque
432 658 513 687 suo
534 646 663 687 finem
683 659 831 688 mense
848 646 1024 687 libellus
1043 645 1189 688 habet.

152 764 217 797 bete
229 764 323 796 thura
337 765 402 796 aris
413 765 593 806 pacalibus;
615 769 646 797 et
660 766 789 798 victima
803 765 936 798 candida
951 769 1102 798 mactetur
1115 766 1231 798 cervice
1245 765 1321 798 ieta.
1366 766 1412 798 Et
1426 770 1512 799 orate
1528 766 1608 799 Deos

142 807 287 846 faventes
308 808 371 848 piis
391 808 482 849 votis,
507 811 541 839 ut
555 809 663 840 domus
676 819 744 850 quae
759 812 867 840 tuctur
879 809 997 841 Pacem
1006 813 1125 850 perstet
1147 819 1216 840 cum
1233 819 1279 841 ea.
1328 810 1438 842 Verum
1450 811 1522 851 jam
1535 821 1609 852 pars·

145 851 233 891 prior
247 851 307 882 mei
322 851 435 881 laboris
449 853 494 882 est
508 850 644 883 absoluta
657 863 668 889 ;
693 855 723 883 et
739 852 859 883 libeuus
874 851 964 883 habet
966 852 1067 893 finem
1082 862 1151 884 cum
1161 862 1215 883 suo
1230 861 1341 884 meme.

763 935 998 948 eeeeeeeeeeee

151 993 245 1019 terra.
269 988 432 1020 Nonnulli
447 989 549 1020 etiam
564 989 706 1030 timebat,
717 993 890 1022 ‹tm—719
912 991 1003 1023 Mor.
1019 994 1054 1021 et
1072 989 1204 1022 Arund.
1219 991 1336 1021 sacerd.
1352 989 1521 1030 placalibus
1534 991 1607 1021 add·

151 1032 248 1062 Voss.
266 1036 301 1062 et
318 1037 463 1072 quatuor
480 1032 535 1063 alii
545 1033 701 1072 placatis,·
723 1033 786 1064 Be.
799 1034 1012 1074 placatisque:
1036 1033 1104 1064 duo
1115 1034 1249 1073 placatis
1261 1034 1367 1073 ponite
1378 1044 1391 1071 ‚·
1415 1042 1499 1064 unus
1514 1033 1609 1064 urite.

150 1075 256 1104 —720
281 1074 422 1104 Plurimi
438 1074 549 1114 Albaq.
575 1074 699 1114 perfusa
715 1076 788 1106 vict.
807 1077 867 1107 Be.
897 1076 1143 1116 profusa—721
1170 1076 1225 1107 Fr.
1249 1085 1324 1106 cum
1352 1075 1510 1111 undecim
1536 1075 1609 1106 aliis

148 1126 214 1156 quae
226 1120 356 1156 proestet
371 1126 458 1147 enm:
482 1117 541 1148 sed
559 1117 591 1147 in
608 1117 794 1157 Hamburg.
811 1122 886 1148 erat
907 1118 981 1158 th.
998 1119 1030 1148 d.
1045 1127 1152 1157 pacem
1165 1127 1231 1157 qua>
1245 1120 1388 1156 praestat,
1400 1127 1476 1157 pace
1498 1127 1608 1158 per.—

148 1160 209 1189 723
235 1159 276 1189 Ρ.
290 1159 385 1199 prim.
400 1159 477 1189 mihi
488 1168 573 1199 pars.
594 1159 676 1190 Mox
693 1160 747 1190 Sa.
761 1160 801 1189 P.
815 1164 849 1190 et
865 1165 945 1190 octo
961 1159 1016 1190 alii
1032 1163 1080 1190 est
1095 1159 1245 1190 exhausta
1261 1159 1320 1190 lab.
1337 1168 1422 1190 unus
1437 1163 1606 1190 transacta.

801 1254 947 1287 NOTAE

145 1336 239 1358 arma
254 1326 376 1368 quibus
401 1327 463 1360 nisi
479 1327 512 1358 in
527 1328 627 1359 armis
655 1337 734 1369 spes
755 1328 848 1360 nulla
904 1329 998 1361 dens.

144 1376 354 1420 relinquitur.
945 1381 1009 1411 719
1033 1379 1215 1420 Pacalibus]
1263 1380 1332 1413 Qui
1359 1380 1392 1411 in
1421 1381 1523 1412 Pacis
1549 1391 1606 1412 ara

187 1432 251 1461 716
276 1427 372 1468 Fera]
411 1428 516 1470 Cujus
541 1429 710 1461 horrendo
735 1430 848 1462 sonitu
902 1430 1045 1462 accensi.

146 1478 188 1510 ad
204 1478 278 1510 fera
294 1479 382 1510 bella
395 1480 495 1511 animi
511 1479 749 1512 incenduntur.
946 1483 1009 1511 720
1032 1479 1128 1520 Alba]
1167 1479 1323 1521 Quaeque
1341 1480 1427 1512 adeo
1445 1481 1523 1513 iaeta
1539 1492 1606 1514 om-

189 1528 326 1569 Pompa]
360 1529 445 1562 Quae
483 1530 525 1561 ad
561 1530 657 1562 ludos
691 1535 726 1562 et
759 1530 848 1562 festa
903 1531 959 1562 nia
977 1531 1172 1571 portendat.

147 1585 294 1620 spectat.
946 1583 1006 1611 721
1032 1579 1166 1620 Domus]
1190 1580 1355 1621 Augusta,
1371 1582 1443 1612 scii.

186 1633 247 1662 717
273 1630 443 1670 AEneadas]
478 1630 665 1670 Romanos,
681 1632 721 1662 ab
741 1631 847 1662 AEnea
943 1631 1007 1660 722
1046 1629 1234 1669 propensos]
1283 1631 1420 1662 Nemini
1466 1632 1604 1663 dubium

146 1681 178 1712 in
194 1680 328 1712 Latium
344 1680 510 1719 invectos,
535 1686 594 1712 aut
615 1680 748 1722 abipso
772 1690 848 1722 pro·
902 1688 973 1710 esse
1002 1685 1131 1720 potest,
1149 1679 1230 1720 quin
1250 1680 1290 1711 ad
1312 1681 1436 1713 Pacem
1462 1682 1506 1712 sit
1530 1692 1604 1722 pro-

147 1731 290 1771 genitos.
903 1739 1026 1771 pensus
1043 1729 1098 1771 qui
1114 1738 1191 1761 vere
1210 1730 1306 1762 Deus
1323 1731 1376 1762 sit.

190 1781 317 1813 Primus
331 1784 362 1813 et
377 1779 518 1822 ultimus]
541 1781 665 1814 Oriens
688 1786 725 1812 et
748 1781 847 1814 Occi-
