1773 3121
185 238 300 281 1966
678 249 720 280 Ρ.
752 249 908 280 ovinil
940 250 1152 281 NAsoNis

188 343 250 386 At
271 347 384 385 certe
403 343 640 392 credemur,
663 344 736 394 ait,
759 345 797 385 si
818 345 951 386 verba
971 349 1177 398 sequatur

247 411 421 452 Exitus.
482 411 562 459 En,
585 411 688 451 audi
707 413 913 462 crastina,
935 413 1136 466 quisquis
1158 412 1280 453 ades,

189 479 423 519 Protulerit
442 478 569 518 terris
591 490 689 518 cum
711 482 846 519 totum
868 478 1079 532 Cynthius
1099 480 1262 529 orbem,

245 545 419 597 Jupiter
436 546 606 599 imperii
628 545 805 598 pignora
826 549 941 585 certa
962 546 1097 587 dabit.

174 611 435 652 Discedunt
455 612 590 662 dubii,
613 614 916 666 promissaque
938 612 1062 653 tarda
1082 613 1286 654 videntur
1304 625 1315 664 ;
1558 612 1645 656 355

251 679 567 732 Dependetque
589 679 694 719 fides
716 693 742 720 a
762 680 959 720 veniente
979 679 1062 719 die.

192 745 342 786 Mollis
363 752 455 786 erat
475 747 599 787 tellus
620 752 769 787 rorata
787 759 913 786 mane
934 748 1113 799 pruina3

247 811 360 853 Ante
382 813 447 852 sui
470 813 659 865 populus
678 813 829 852 limina
851 812 990 863 Regis
1013 813 1152 853 adest.

193 878 365 928 Prodit,
388 884 429 919 et
449 881 493 918 in
515 879 630 918 solio
651 878 820 917 medius
843 877 1041 917 consedit
1061 891 1236 919 acerno.

251 945 471 985 Innumeri
493 946 613 985 circa
635 946 840 997 stantque
862 944 1080 995 silentque
1100 944 1197 984 viri.
1562 945 1647 987 360

195 1011 328 1053 Ortus
349 1017 440 1053 erat
460 1024 630 1052 summo
652 1010 951 1051 tantummodo
972 1012 1165 1063 margine
1187 1011 1384 1052 Phoebus
1402 1024 1411 1051 ε

251 1080 448 1121 Solicitae
469 1083 635 1120 mentes
657 1092 822 1132 speque
844 1082 1047 1132 metuque
1068 1082 1240 1131 pavent.

195 1144 415 1195 Constitit,
437 1150 568 1199 atque
590 1149 722 1198 caput
740 1146 870 1185 niveo
892 1145 1062 1185 velatus
1084 1146 1261 1195 amictu,

251 1212 356 1253 Jam
377 1214 486 1252 bene
506 1213 591 1252 Dis
613 1216 739 1251 notas
762 1212 940 1251 sustulit
961 1213 1033 1251 ille
1054 1225 1226 1252 manus.
1610 1253 1616 1257 .

197 1277 341 1333 Atque
362 1280 440 1328 ita,
463 1279 655 1331 Tempus
679 1277 802 1317 adest
818 1278 1020 1330 promissi
1043 1278 1249 1327 muneris,
1270 1279 1414 1332 inquit
1432 1293 1440 1320 :
1565 1280 1651 1322 365

253 1347 502 1387 Pollicitam
524 1345 666 1394 dictis,
687 1344 874 1396 Jupiter,
897 1343 1010 1384 adde
1033 1343 1178 1384 fidem.

196 1506 225 1533 et
240 1502 373 1543 difficilis
387 1500 548 1531 adhibetur
562 1500 664 1531 dictis.
709 1500 753 1530 Ac
770 1503 863 1537 certe,
878 1499 990 1540 inquit,
1005 1500 1089 1540 fides
1104 1500 1312 1539 adhzoebitur,
1335 1501 1362 1531 si
1375 1503 1496 1531 eventus
1507 1506 1653 1541 sequatur·

195 1554 291 1575 toces.
340 1544 417 1573 Ecce
440 1544 512 1573 audi
536 1543 589 1572 die
615 1542 751 1573 crastina
777 1542 914 1582 quisquis
940 1545 1023 1572 ades.
1072 1543 1149 1572 Cum
1178 1543 1333 1583 Cynthius
1351 1542 1531 1582 patefecerit
1553 1546 1654 1575 totum

196 1587 303 1617 coelum
319 1586 425 1623 terris,
437 1586 565 1625 Jupiter
576 1585 723 1625 pnebebz't
740 1585 916 1615 indubitata
929 1586 985 1625 pig
988 1594 1060 1614 nora
1077 1585 1210 1624 imperii.
1255 1585 1381 1616 Abeunt
1400 1585 1524 1625 incerti,
1539 1589 1569 1616 et
1582 1596 1655 1634 pro-

195 1628 288 1658 missa
303 1628 446 1658 videntur
461 1629 556 1664 lenta,
580 1632 672 1667 atque
694 1628 770 1665 fides
784 1629 933 1666 dependet
949 1637 967 1657 α
982 1628 1030 1657 die
1047 1627 1173 1664 futuro.
1222 1628 1319 1658 Terra
1334 1631 1401 1658 erat
1417 1631 1522 1658 tenera
1534 1629 1650 1668 pruina

197 1680 284 1701 mane
298 1680 404 1710 sparsa
417 1680 427 1705 ,·
447 1670 531 1709 plebs
547 1674 610 1700 stat
627 1674 698 1700 ante
711 1671 789 1700 ostia
803 1671 851 1700 sui
869 1670 977 1708 Regis.
1027 1670 1118 1708 Exit,
1141 1673 1171 1700 et
1184 1670 1301 1700 medius
1311 1670 1390 1700 sedit
1402 1670 1435 1700 in
1446 1670 1521 1701 solio
1534 1680 1654 1702 acerno·

202 1712 272 1743 Viri
288 1713 440 1743 innumeri
462 1716 532 1743 sunt
554 1712 732 1749 circumfusi
748 1716 777 1743 et
794 1715 907 1743 tacent.
954 1712 1086 1742 Phoebus
1109 1712 1267 1751 prodierat
1291 1715 1411 1742 tantum
1427 1716 1565 1743 extrema
1579 1723 1632 1743 ora
1639 1723 1653 1749 ,·

198 1756 294 1785 animi
308 1755 397 1785 anxii
412 1758 546 1785 tremunt
568 1765 620 1795 spe
633 1759 663 1785 et
680 1758 771 1785 metu.
820 1755 982 1790 Constitit,
1009 1758 1039 1784 et
1055 1754 1169 1785 habens
1185 1758 1276 1794 caput
1291 1758 1405 1785 tectum
1420 1756 1490 1785 alba
1505 1756 1588 1786 tiara
1604 1755 1655 1786 ille

198 1797 323 1828 sustulit
340 1798 521 1836 inanusjum
543 1797 616 1828 bene
631 1801 718 1828 notus
733 1797 828 1828 Diis.-
851 1800 942 1837 atque
957 1801 1001 1827 sic
1015 1797 1073 1837 ait,
1090 1797 1221 1837 Tempus
1234 1798 1318 1828 adest
1335 1797 1406 1828 doni
1418 1798 1576 1838 promissi,
1597 1798 1657 1828 Ju-

810 1890 1047 1902 eeeeeeeeeeee

200 1959 307 1987 -349
330 1957 385 1988 Fr.
404 1957 461 1987 Ille
476 1958 558 1988 venit
575 1959 638 1988 laet.
642 1959 745 1987 —351
775 1957 942 1986 Credemur
957 1956 1074 1986 Burin.
1093 1955 1220 1985 arridet
1238 1965 1279 1986 ex
1296 1956 1348 1986 Sa.
1365 1959 1399 1986 et
1417 1955 1545 1985 duobus
1561 1954 1632 1985 aliis
1646 1966 1656 1994 ;

200 1999 291 2037 vulg
307 2000 486 2030 credamus.
510 2000 625 2038 scripti
641 1999 743 2029 etiam
761 1999 914 2038 plerique
931 1999 1104 2027 credemus.
1129 1998 1213 2026 liber
1230 2003 1341 2035 vetus,
1357 1997 1398 2026 ab
1421 1996 1566 2036 Neapol.
1579 2006 1656 2037 pro-

202 2040 302 2079 latus,
306 2041 455 2086 creditis.
495 2041 656 2070 Meliores
673 2041 789 2077 etiam,
806 2045 894 2069 teste
915 2039 1456 2078 He1115.seq11‹11u⁷;‹ilnsequetm
1461 2041 1565 2069 —352
1589 2039 1656 2069 Pu-

202 2085 238 2111 to
253 2069 466 2111 scribendum
481 2083 624 2118 cras-tine,
640 2092 709 2121 pro,
724 2063 884 2120 Quisquis
901 2081 1065 2110 crastinus
1082 2081 1204 2110 adenis.
1221 2080 1331 2110 Heius.
1335 2083 1438 2110 —353
1456 2080 1550 2110 Unus
1565 2081 1655 2113 Maz.

201 2123 508 2153 Ρ7οἰί7ιιι3ωτιιίε7ἱί
518 2133 584 2153 cum
598 2127 653 2153 tot.
665 2123 859 2152 unusetiaui
874 2122 991 2152 Heius
1008 2126 1108 2152 totos..
1115 2122 1221 2153 .orbes.
1223 2125 1328 2152 —354
1354 2123 1544 2161 Uuuspign.
1559 2124 1656 2154 multa

201 2164 378 2195 dau—356
400 2166 524 2203 Scripti
539 2165 738 2204 pluriuiifid.
755 2164 934 2194 adveniente
949 2163 1051 2194 die.-
1056 2166 1115 2194 357
1142 2164 1209 2194 Rov
1210 2167 1318 2204 utaque
1334 2165 1465 2204 plurimi
1483 2175 1523 2196 ex
1541 2165 1656 2196 melio·

203 2207 308 2243 ribus,
323 2212 358 2236 et
386 2216 425 2246 pr
446 2208 503 2236 Ed.
532 2213 568 2237 ut
587 2208 630 2236 iia
649 2216 753 2235 rorare
766 2205 889 2236 dieitur
913 2207 1034 2236 active.
1062 2207 1284 2237 Barim—359
1314 2207 1368 2237 Pr.
1394 2207 1431 2238 F.
1457 2212 1492 2237 et
1518 2206 1560 2238 A.
1578 2217 1654 2238 cum

204 2248 312 2279 tribus
329 2249 398 2278 aliis
413 2251 530 2279 com-ed.
547 2249 680 2279 eburno:
705 2254 737 2277 at
761 2257 869 2278 acerno
897 2248 1106 2285 simplicitati
1125 2253 1159 2278 et
1175 2250 1373 2288 paupertati
1399 2250 1572 2290 temporiS,
1589 2259 1655 2290 quo

202 2291 317 2322 Numa
342 2292 508 2330 regnavit,
540 2292 655 2320 melius
692 2291 872 2321 convenire
907 2290 1159 2321 videtur.—360
1194 2292 1296 2321 Multi
1323 2295 1439 2332 stantq.
1475 2293 1655 2332 sedentq.—

204 2335 266 2365 364
289 2333 451 2364 Francius
470 2343 528 2373 pro
544 2334 618 2363 ιΙαηι
645 2334 736 2373 conj.
757 2334 947 2364 Tam—365
973 2334 1015 2363 V.
1033 2337 1067 2363 et
1091 2334 1128 2364 F.
1141 2343 1239 2374 prom.
1254 2333 1407 2374 pignoris,
1423 2334 1512 2375 qnod
1535 2334 1653 2366 Heius.

858 2448 999 2480 NOTAE
1460 2460 1479 2472 ο,

248 2535 309 2563 351
335 2532 372 2562 Si
388 2532 492 2573 verba]
512 2533 548 2562 Si
562 2532 665 2563 verba
677 2538 800 2563 eventu
818 2542 906 2563 com·
960 2538 1051 2563 totus
1070 2540 1163 2563 ortus
1179 2534 1235 2564 Sol
1249 2539 1333 2565 erat.

207 2581 403 2623 probentur.
1001 2585 1062 2614 363
1089 2583 1205 2622 Niveo]
1229 2584 1344 2621 Tiara,
1370 2594 1444 2624 quae
1470 2593 1532 2624 per
1554 2585 1658 2616 malas

251 2633 312 2661 355
340 2629 454 2669 Tarda]
479 2631 605 2662 Quiain
620 2632 802 2661 erastinum
816 2631 903 2661 dieui
959 2632 1096 2662 veniens
1127 2638 1240 2662 mento
1267 2634 1477 2674 subligatur;
1515 2633 1564 2665 uti
1585 2634 1658 2675 qui-

207 2679 336 2711 dilata:
382 2689 525 2720 namque
574 2681 788 2719 impatientes
828 2690 903 2721 quae
958 2681 1033 2711 dein
1051 2686 1181 2712 veteres
1199 2683 1317 2722 glossae
1334 2683 1520 2716 juvenalis.

208 2739 328 2769 magna
344 2734 422 2760 sunt
436 2737 667 2770 expectamus.
1001 2733 1062 2761 364
1088 2732 1202 2773 Notas]
1240 2733 1331 2765 Quia
1353 2733 1528 2774 religiosus
1545 2733 1658 2766 Numa

252 2781 313 2810 361
338 2778 479 2819 Summo]
528 2780 701 2811 Extremo.
749 2779 905 2811 Nondum
959 2779 1024 2812 fuit
1038 2785 1072 2812 et
1086 2780 1174 2822 pius.

1142 2856 1154 2872 1
