1773 3121
156 208 270 250 1992
647 221 686 252 P.
719 221 876 252 ovmu
909 220 1124 253 NAsoms

159 313 329 355 Oscula
348 318 574 355 sumturus
595 315 743 356 subito
766 314 891 356 Mars
913 318 1079 370 aspicit
1099 316 1271 359 Annam
1289 332 1299 370 ;
1354 304 1369 311 x

216 380 261 421 N
264 395 347 421 unc
366 383 507 435 pudor
528 384 714 433 elusum,
736 397 848 424 nunc
868 386 985 425 subit
1005 387 1084 435 ira,
1113 386 1272 426 Deum.

161 446 295 489 Ridet
317 454 553 491 amatorem
576 464 690 492 carae
712 464 828 492 nova
848 452 966 493 Diva
989 453 1200 494 Minervae
1220 467 1229 494 :

218 516 315 556 Nec
335 530 403 557 res
425 518 508 559 hac
530 519 688 559 Veneri
710 520 870 572 gratior
892 520 980 560 ulla
997 520 1097 562 fuit.

161 582 269 623 Inde
282 585 375 638 joci
395 588 563 627 veteres
585 587 887 640 obscoenaque
910 587 1029 627 dicta
1050 590 1283 628 canuntur:

219 651 275 692 Et
289 651 417 704 juvat
435 653 546 694 hanc
566 667 722 706 magno
744 655 882 695 verba
902 655 1077 695 dedisse
1102 655 1214 696 Deo.

161 717 467 761 Praeteriturus
489 734 608 762 eram
630 722 803 774 gladios
822 723 867 762 in
889 722 1094 776 Principe
1115 724 1233 763 fixos
1252 736 1262 773 ;

218 786 328 828 Cum
350 789 414 829 sic
434 802 460 829 a
481 791 616 830 castis
638 789 782 830 Vesta
802 790 955 829 locuta
971 789 1087 830 focis
1105 802 1114 828 :

161 852 234 893 Ne
255 854 410 894 dubita
430 855 685 895 meminisse
703 868 711 895 :
742 867 868 894 meus
889 854 971 894 fuit
989 855 1061 895 ille
1082 855 1323 897 Sacerdos:

220 920 457 973 Sacrilegae
478 921 577 961 telis
598 934 667 961 me
688 922 848 974 petiere
864 934 1036 962 manus.

162 986 271 1040 Ipsa
287 988 428 1028 virum
448 988 588 1041 rapui,
610 988 930 1041 simulacraque
949 988 1069 1029 nuda
1088 988 1261 1041 reliqui.

219 1053 334 1103 Quae
358 1055 517 1095 cecidit
535 1055 662 1106 ferro,
685 1054 877 1097 Caesaris
897 1055 1054 1096 umbra
1078 1055 1174 1096 fuit.

1537 922 1622 963 700

160 1180 212 1209 ria
241 1179 324 1210 ridet
351 1184 475 1220 repente
502 1181 646 1212 Annum.-
672 1182 742 1220 jam
772 1183 967 1220 verecundia,
987 1182 1058 1220 jum
1087 1183 1135 1212 ira
1164 1182 1294 1223 corripit
1323 1183 1426 1214 Deum
1453 1182 1625 1222 deceptum.

162 1223 254 1252 Nova
284 1222 369 1252 Dira
399 1223 511 1253 irridet
538 1227 708 1254 amatorem
729 1225 850 1255 dileclae
875 1225 1038 1255 Palladis:
1063 1234 1158 1265 neque
1178 1234 1227 1255 res
1251 1226 1313 1256 ulla
1329 1224 1399 1263 fuit
1420 1225 1547 1263 gratior
1566 1224 1625 1255 Ve-

161 1265 242 1295 neri.
289 1264 365 1295 Inde
378 1264 445 1302 joci
460 1265 592 1305 antiqui,
616 1269 646 1296 et
660 1267 752 1297 verba
766 1268 881 1297 salucia
903 1270 1094 1297 cantantur:
1117 1271 1207 1306 atque
1222 1268 1364 1297 conducit
1383 1267 1454 1297 huic
1471 1266 1625 1305 fefellisse

165 1316 310 1346 magnum
326 1307 441 1338 Deum.
490 1309 670 1340 Omissurus
685 1319 768 1340 eram
783 1319 869 1340 enses
883 1311 1008 1339 adactos
1025 1309 1180 1349 Principi,
1202 1319 1271 1340 cum
1291 1310 1384 1340 Vesta
1403 1309 1450 1340 ita
1465 1310 1567 1340 locuta
1582 1311 1629 1339 est

164 1360 183 1379 ιι
198 1350 293 1380 castis
315 1349 486 1381 altaribus.-
511 1351 562 1381 Ne
588 1355 748 1382 cunctator·
772 1354 955 1382 mentionem
971 1351 1108 1388 fecisse.-
1133 1352 1184 1382 ille
1197 1351 1269 1388 suit
1283 1361 1367 1382 meus
1381 1353 1540 1382 sacerdos:
1563 1360 1627 1381 ma-

162 1402 219 1422 mis
235 1392 338 1432 impiae
363 1393 523 1423 irruerunt
549 1393 583 1423 in
598 1404 646 1424 me
669 1393 797 1431 gladiis.
845 1395 918 1432 Ipsa
933 1395 1046 1424 sustuli
1074 1395 1187 1432 virum,
1214 1397 1246 1424 et
1271 1394 1382 1434 reliqui
1404 1394 1525 1424 inanem
1537 1392 1627 1434 figu-

163 1444 244 1465 ram.
294 1433 411 1465 Umbra
426 1433 495 1472 fuit
530 1435 665 1467 Caesaris
687 1445 755 1475 quoe
781 1435 898 1476 afflicta
914 1434 1016 1472 ferro.
1064 1437 1123 1466 Ille
1146 1436 1271 1476 quidem
1297 1437 1371 1466 coelo
1394 1439 1539 1476 receptus
1563 1445 1628 1466 ser-

778 1529 1014 1541 eeeeeeeeeeee

168 1603 209 1624 ex
227 1595 340 1626 Ursin.
354 1595 445 1627 Maz.
468 1596 567 1627 Voss.
590 1596 724 1629 Arund.
741 1608 793 1638 pr.
811 1596 854 1629 A.
872 1601 907 1629 et
923 1596 1054 1629 duobus
1071 1597 1144 1628 aliis
1159 1606 1222 1638 pro
1237 1597 1330 1638 vulg.
1356 1596 1490 1634 Credit,·
1513 1599 1548 1627 at
1562 1595 1629 1627 hoc

165 1637 300 1668 minime
327 1638 485 1679 displicet
511 1640 629 1672 Burni.
675 1640 821 1672 Plurimi
849 1640 954 1672 etiam
980 1640 1109 1671 habent
1138 1641 1245 1671 deduc.
1271 1641 1469 1671 istum-691
1494 1639 1628 1671 Bonon.

165 1680 214 1710 M.
230 1680 358 1720 inspicit
372 1681 524 1712 A.—693
549 1682 645 1713 Ridet
662 1692 704 1713 ex
721 1693 773 1724 pr.
793 1682 836 1715 A.
851 1684 952 1714 Voss.
978 1682 1111 1714 Arund.
1130 1683 1221 1713 Maz.
1249 1682 1382 1714 Zulich.
1406 1687 1443 1713 et
1467 1691 1526 1713 sex
1555 1681 1629 1712 aliis

166 1722 285 1754 Heins.
309 1724 425 1763 placet
437 1734 507 1763 prae
525 1725 614 1765 vulg.
629 1725 744 1757 Ludis.-
769 1736 845 1757 nam
861 1727 870 1744 ‘
889 1725 1030 1757 elusum'
1046 1731 1282 1765 praecesserat.
1308 1726 1367 1756 Be.
1378 1725 1477 1756 Ludis
1489 1734 1519 1756 a.
1535 1733 1630 1765 quare

166 1775 232 1795 nov.
250 1770 285 1796 et
307 1775 392 1797 unus
410 1767 530 1798 Heius.
548 1778 633 1799 ccmoe
651 1779 719 1800 nov.
745 1769 860 1800 Burm.
883 1769 975 1809 conj.
999 1772 1102 1808 castre,
1125 1772 1163 1799 ut
1180 1768 1342 1800 Francius
1358 1768 1508 1799 volebat.
1539 1766 1630 1798 Dein

166 1807 222 1837 Fr.
252 1818 270 1838 a
292 1818 343 1848 pr.
371 1818 416 1840 m.
443 1810 514 1841 dira
540 1811 700 1842 M.-—694
724 1812 786 1842 Be.
823 1811 891 1842 Nec
916 1811 1029 1843 Veneri
1054 1821 1103 1842 res
1126 1812 1184 1842 hac
1207 1814 1363 1850 ,qn—695
1396 1809 1538 1842 Plurimi
1568 1818 1630 1850 pro

164 1850 249 1880 ‹iit-ta
284 1851 410 1883 habent
439 1852 551 1883 verba:
579 1858 615 1884 et
642 1858 710 1884 tres
737 1854 844 1886 Codd.
874 1854 1140 1893 feruntur.—697
1176 1853 1235 1885 Pr.
1263 1853 1305 1886 A.
1336 1858 1373 1885 et
1400 1853 1487 1885 Laeti
1509 1853 1544 1884 in
1561 1852 1631 1882 Cae-

167 1902 236 1923 sare
261 1893 327 1934 fix.
359 1904 443 1926 unus
483 1896 570 1927 liber
594 1899 839 1937 corpore—698
876 1898 957 1929 Jun.
995 1897 1081 1928 Diva
1105 1907 1167 1937 pro
1203 1897 1418 1928 Vesta.—700
1449 1896 1545 1926 Unus
1567 1903 1630 1924 *me

822 1998 855 2029 N
860 1997 967 2029 OTAE

211 2070 274 2098 690
298 2068 429 2110 Tegens]
474 2070 660 2112 Flammeo,
687 2072 761 2103 scil.
803 2082 869 2112 quo
925 2082 999 2113 quae
1017 2071 1051 2102 in
1068 2071 1153 2102 focis
1169 2069 1354 2101 colebatur.

169 2126 257 2148 nova
288 2123 396 2158 nupta
424 2120 559 2150 velatur
591 2130 665 2151 cum
691 2121 734 2151 ad
761 2121 870 2152 virum

170 2166 364 2198 deducitur.

210 2219 272 2247 691
296 2216 422 2257 Subito]
449 2218 638 2260 Postquam
665 2219 773 2252 Annae
799 2221 869 2251 vul-

168 2271 223 2297 tus
240 2267 440 2299 detexisset.

212 2312 274 2348 697
298 2318 539 2360 Praeteriturus]
571 2319 684 2362 Atque
713 2320 871 2361 equidem

169 2368 251 2399 data
266 2378 383 2410 opera,
408 2369 468 2410 rei,
484 2370 630 2411 scilicet,
647 2371 771 2402 atrocis
794 2370 871 2402 odio

170 2422 354 2460 permotus.

212 2469 377 2509 Principe]
399 2470 491 2502 Julio
507 2471 656 2511 Caesare,
682 2471 739 2513 qui
760 2471 870 2502 tribus

171 2522 207 2549 et
234 2519 354 2559 viginti
379 2521 575 2552 vulneribus
598 2532 685 2552 anno
712 2522 754 2553 ab
777 2522 871 2553 Urbe

172 2567 311 2599 condita
336 2571 409 2601 709.
437 2569 470 2600 iu
502 2571 597 2601 curia
623 2570 795 2602 confossus
809 2576 871 2603 est.

172 2619 254 2650 Dies
269 2618 278 2635 ‘
292 2619 532 2651 Parricidium‘
547 2621 669 2662 dictus,
692 2632 731 2653 ac
757 2622 872 2653 decre-

174 2674 246 2701 tum
263 2678 306 2700 ne
326 2669 446 2701 eodem
471 2671 614 2703 Senatus
641 2681 789 2714 unquam
815 2682 871 2703 co·

173 2724 322 2760 geretur.

217 2772 279 2802 698
305 2771 424 2813 castis]
446 2771 536 2806 Quia
557 2777 654 2805 casta
683 2773 758 2815 ipsa
782 2773 873 2815 Dea,

967 2126 1031 2154 699
1054 2121 1218 2161 Sacerdos]
1236 2119 1402 2152 Pontifex
1421 2121 1547 2162 quippe
1561 2119 1629 2153 fuit

916 2173 1108 2211 'Maximus‚
1127 2172 1169 2202 ad
1194 2181 1293 2212 quem
1316 2180 1486 2202 sacrorum
1513 2180 1630 2212 supre-

924 2232 979 2253 ma
994 2232 1074 2253 cura
1091 2221 1299 2261 pertinebat.

967 2275 1029 2303 700
1054 2271 1124 2311 Me]
1147 2270 1321 2311 Siquidem
1338 2270 1547 2302 carissimum
1563 2271 1628 2303 sibi

924 2322 1143 2353 Sacerdotem
1159 2320 1250 2352 ferro
1269 2322 1493 2354 violaverunt.

968 2375 1029 2403 701
1059 2371 1183 2411 Virum]
1206 2372 1333 2403 Julium
1359 2372 1541 2412 Caesarem,
1555 2371 1630 2403 scil.

926 2432 1027 2464 quem
1059 2423 1094 2453 in
1122 2422 1242 2452 coelum
1275 2422 1382 2452 Vesta
1412 2421 1628 2452 transtulisse

930 2474 1025 2505 dicit.

969 2524 1159 2564 Simulacra]
1197 2523 1328 2562 Corpus
1361 2522 1447 2553 dicit
1473 2521 1632 2561 Caesaris‚

926 2574 1015 2615 quod
1041 2574 1146 2614 ipsius
1163 2577 1293 2603 tantum
1312 2571 1406 2613 quasi
1421 2571 1553 2611 species
1570 2577 1630 2604 aut

926 2623 1045 2654 umbra
1053 2622 1220 2664 quaedam.
1237 2621 1353 2663 Atque
1366 2621 1524 2662 equidem
1537 2620 1629 2653 istud

927 2673 1149 2713 verissimum,
1164 2676 1198 2703 et
1215 2676 1330 2704 mente
1347 2671 1512 2705 altissima
1527 2672 1631 2705 omni-

927 2723 988 2755 bus
1005 2721 1299 2764 perscrutandum.
