1773 3121
157 163 273 208 2136
648 178 690 208 P.
724 177 884 207 ovmn
917 177 1135 209 NAsoms

160 270 208 312 Si
230 275 352 313 torus
373 271 419 312 in
439 272 579 326 pretio
601 278 698 326 est3
729 273 851 315 dicor
871 277 1069 316 matrona
1084 274 1326 317 Tonantis:

213 337 244 379 J
247 343 465 392 unctaque
486 340 680 394 Tarpeio
702 344 801 382 sunt
820 352 919 382 mea
940 343 1102 396 templa
1118 342 1147 384 J
1152 343 1242 385 ovi.

158 403 230 446 An
250 408 393 459 potuit
413 407 537 447 Maio
559 407 708 460 pellex
728 407 832 450 dare
851 409 1030 450 nomina
1049 410 1223 451 mensi?
1558 407 1616 451 35

216 473 306 514 Hic
327 474 464 515 honor
481 476 523 515 in
543 476 671 516 nobis
683 476 928 518 invidiosus
949 477 1060 518 erit?

159 539 247 581 Cur
266 542 396 594 igitur
417 542 588 597 Regina
607 556 740 585 vocor
760 543 1060 598 Princepsque
1077 544 1273 586 Dearum
1287 545 1306 584 ’Ξ

213 607 366 650 Aurea
385 623 460 651 cur
480 610 647 652 dextrae
668 615 842 665 sceptra
862 610 1020 652 dedere
1041 623 1152 652 meae
1168 612 1187 651 ’.Ρ

157 674 229 715 An
249 676 409 718 faciant
430 691 621 719 mensem
640 679 778 729 luces,
801 678 1057 733 Lucinaque
1079 680 1134 720 ab
1157 679 1248 720 illis
1611 717 1615 720 .

217 742 356 784 Dicar
370 758 385 801 ;Γ
414 750 455 786 et
476 758 502 785 a
520 746 638 786 nullo
656 747 832 786 nomina
851 759 999 786 mense
1022 747 1225 788 traham?
1558 743 1615 784 40

157 808 281 850 Tunc
302 823 371 851 me
390 813 604 865 poeniteat
622 813 828 865 posuisse
849 813 1035 853 fideliter
1052 814 1142 853 iras

215 876 267 916 In
287 890 420 930 genus
442 878 643 928 Electrae,
666 878 1027 933 Dardaniamque
1046 879 1240 921 domum.

157 941 305 984 Causa
326 943 493 998 duplex
512 946 588 986 irae
607 959 617 987 ε
647 950 778 999 rapto
801 945 1056 1000 Ganymede
1076 946 1310 987 dolebam:

215 1010 375 1053 Forma
393 1025 571 1067 quoque
593 1012 718 1054 Idaeo
733 1013 883 1068 judice
904 1013 1024 1055 victa
1044 1026 1143 1054 mea
1163 1018 1245 1054 est.

158 1077 391 1129 Paeniteat,
414 1079 531 1134 quod
552 1093 638 1122 non
657 1080 792 1122 foveo
814 1079 1097 1134 Carthaginis
1119 1093 1270 1133 arces;
1561 1081 1619 1123 45

213 1145 324 1186 Cum
342 1160 439 1188 mea
459 1148 545 1189 sint
565 1147 642 1188 illo
663 1160 818 1190 currus
840 1152 884 1189 et
906 1161 1027 1189 arma
1044 1148 1160 1190 loco.

154 1256 211 1295 tio,
228 1256 389 1295 perhibeor
412 1267 492 1288 uxor
519 1257 687 1289 Tonantis:
711 1262 741 1289 et
764 1268 831 1290 mea
857 1259 985 1290 delubra
1015 1262 1084 1290 sunt
1112 1258 1256 1299 proxima
1278 1258 1351 1289 Jotz‘
1379 1257 1521 1298 Tarpeio.
1564 1256 1619 1287 An

153 1297 294 1329 adultera
318 1300 423 1340 potuit
451 1300 606 1340 imponere
626 1310 735 1331 nomen
761 1302 859 1332 mensi
883 1300 1000 1333 Maio?
1047 1301 1128 1332 Hoec
1140 1301 1246 1340 gloria
1268 1302 1327 1331 erit
1342 1300 1428 1331 nobis
1442 1296 1619 1331 invidiosa?

156 1341 361 1375 Quamobrem
376 1351 448 1380 ergo
455 1341 546 1379 feror
561 1343 683 1381 Regina
698 1346 730 1373 et
739 1343 845 1383 prima
859 1345 1001 1375 Deorum
1011 1341 1027 1374 ἰ)
1053 1343 1258 1378 Quamobrem
1272 1343 1478 1374 adhibuerunt
1497 1344 1621 1382 sceptra

154 1385 276 1414 dextroe
291 1382 390 1414 meae?
413 1384 503 1414 Anne
528 1385 610 1415 luces
628 1384 755 1422 faciant
779 1395 924 1425 mensem,
947 1388 1039 1425 atque
1061 1394 1149 1415 vocer
1174 1384 1295 1415 Lucina
1310 1385 1348 1415 ab
1363 1385 1435 1424 illis,
1457 1387 1487 1415 et
1502 1394 1521 1414 a
1535 1383 1620 1414 nullo

153 1435 253 1456 mense
275 1427 383 1456 ducam
397 1425 544 1458 nomina?
591 1427 668 1457 Tum
684 1437 731 1458 me
745 1429 893 1468 poeniteat
909 1429 1029 1459 sedasse
1041 1427 1183 1468 fideliter
1198 1428 1264 1458 iras
1278 1427 1313 1458 in
1326 1427 1456 1458 sobolem
1473 1427 1620 1465 Electroe,

154 1472 184 1497 et
206 1477 305 1506 genus
331 1468 541 1499 Dardanium.
588 1469 684 1500 Ratio
713 1471 828 1511 duplex
850 1471 919 1503 irae.
963 1470 1114 1501 Dolebam
1132 1470 1314 1511 Ganymede
1327 1469 1465 1501 sublato:
1485 1467 1621 1510 pulchri-

154 1511 226 1540 tudo
243 1511 338 1541 etiam
351 1520 417 1542 mea
438 1515 584 1551 superata
606 1516 651 1542 est
667 1512 776 1551 judice
793 1514 889 1544 Idoeo.
937 1513 1098 1544 Poem'teat
1112 1514 1190 1553 quod
1205 1523 1265 1544 non
1280 1516 1369 1544 tueor
1383 1522 1468 1543 arces
1486 1510 1621 1542 Cartha·

151 1553 237 1591 ginis
248 1563 260 1589 ,·
281 1563 349 1584 cum
363 1563 472 1585 currus
487 1557 516 1586 et
532 1564 619 1586 arma
635 1565 702 1586 mea
717 1556 780 1587 sint
796 1556 830 1587 in
851 1557 904 1587 illo
920 1558 995 1587 loco.
1041 1556 1155 1595 Pigeat
1171 1555 1348 1587 submisisse
1363 1555 1455 1586 Latio
1470 1553 1619 1595 Sparten,

772 1640 1005 1652 etune-‘mo

154 1695 188 1721 et
205 1700 266 1731 pro
283 1701 301 1722 a
317 1693 391 1722 coelo
406 1692 462 1724 Sa.
483 1694 706 1733 expulsa—33
731 1694 787 1725 Fr.
804 1693 903 1725 deest
927 1697 982 1726 est.
1009 1695 1096 1726 Tum
1121 1694 1188 1726 duo
1205 1693 1245 1726 P.
1262 1698 1300 1725 et
1315 1694 1478 1734 Excerpt.
1495 1692 1544 1724 D.
1561 1702 1619 1724 ex·

151 1734 271 1765 hibent
294 1734 379 1765 dicor
403 1745 464 1776 pro
488 1736 581 1777 vulg.
596 1737 783 1768 dican—36
805 1737 903 1768 Unus
920 1737 1017 1768 Med.
1045 1737 1141 1769 incid.
1165 1737 1325 1768 eris.—39
1349 1736 1481 1768 Faciant
1498 1735 1621 1767 Heius.

153 1776 251 1809 dedit
262 1786 304 1808 ex
316 1787 366 1818 pr.
382 1777 426 1809 A.
444 1784 477 1809 et
489 1784 567 1810 octo
584 1780 658 1810 aliis
674 1790 736 1821 pro
753 1779 972 1821 vulg.facient
985 1792 995 1812 :
1011 1781 1109 1812 multi
1126 1790 1167 1812 ex
1184 1779 1460 1821 scriptisfaciunt.
1476 1778 1485 1795 ‘
1497 1778 1539 1809 In
1551 1787 1619 1810 nno

153 1819 281 1851 Moreti
294 1825 381 1861 erat,
395 1821 574 1860 Anfaciam
584 1823 689 1863 pueris
701 1823 818 1860 lucem‚·
836 1823 925 1864 quod
943 1823 1023 1864 quid
1038 1824 1083 1855 sit
1099 1823 1316 1864 cogitandum
1334 1834 1342 1854 z
1358 1831 1436 1853 nam
1453 1822 1620 1853 Lucinam

152 1862 280 1894 dictam
297 1873 382 1904 esse,
398 1864 489 1905 quod
505 1870 624 1905 partus
641 1866 675 1896 in
691 1867 801 1897 lucem
816 1865 1000 1907 producat,
1017 1871 1174 1906 constat3
1199 1866 1268 1897 vid.
1285 1865 1343 1897 lib.
1359 1874 1399 1896 11.
1414 1867 1490 1896 450.
1505 1873 1619 1905 nemo,

152 1905 240 1946 quod
259 1906 376 1945 sciam,
392 1908 473 1947 quia
489 1908 570 1939 luces
598 1907 729 1940 faciunt
745 1918 909 1948 mensem,
928 1910 1015 1950 quod
1031 1911 1087 1940 vix
1105 1909 1271 1950 intelligo.
1319 1907 1516 1948 Explicant,
1539 1906 1620 1948 quia

151 1957 284 1979 menses
303 1958 344 1979 ex
360 1950 504 1989 lucibus,
519 1951 553 1981 id
570 1955 624 1982 est
641 1951 772 1992 diebus,
787 1956 948 1983 constant
963 1962 971 1983 z
996 1952 1056 1983 sed
1070 1958 1103 1983 et
1116 1952 1194 1982 anni
1213 1952 1332 1983 diebus
1345 1953 1524 1982 constant:
1542 1949 1618 1979 haec

152 2000 253 2021 eausa
264 1992 357 2021 nulla
369 1996 433 2022 est.
457 1992 498 2023 In
511 2003 628 2024 menses
638 1994 690 2034 (ut
707 2000 761 2025 est
777 1994 809 2025 iu
827 1994 994 2026 Mazarin.
1013 1995 1140 2025 Moreti
1153 2000 1188 2025 et
1205 1994 1335 2025 duobus
1351 1993 1442 2032 aliis)
1453 1993 1540 2022 latet
1557 1991 1617 2021 ali-

153 2032 233 2072 quid
244 2032 540 2074 degravidis‚quae
549 2037 678 2067 exactis
691 2037 875 2075 mensibus,
890 2038 1021 2068 Lucina
1032 2037 1336 2076 favente‚pariunt.
1346 2035 1486 2065 Haereo.
1502 2033 1616 2065 Burm.

153 2077 194 2105 43
220 2074 288 2106 Alii
303 2075 430 2107 habent
447 2077 724 2117 Ganymeda.—45
749 2079 926 2119 Meliores,
942 2084 1032 2110 teste
1046 2079 1290 2115 Heins.foi:eo;
1314 2082 1348 2108 at
1363 2076 1453 2117 vulg.
1462 2075 1553 2114 fovi.-
1578 2076 1617 2108 F.

818 2163 851 2195 N
856 2163 958 2195 OTAE

196 2236 237 2265 34
265 2235 408 2277 Tarpeio]
449 2237 517 2270 Qui
546 2238 580 2269 in
607 2247 691 2280 rupe
707 2239 858 2280 Tarpeia
954 2241 995 2268 43
1023 2236 1220 2278 Ganymede]
1245 2236 1313 2270 Qui
1328 2235 1430 2266 Trois
1445 2234 1618 2268 formosis·

151 2293 211 2316 seu
222 2285 391 2327 Capitolio
399 2289 564 2329 templum
573 2288 857 2330 habuit‚Jun0nis
912 2288 1013 2319 simus
1028 2298 1111 2327 puer
1124 2287 1268 2321 Junonis
1280 2290 1358 2318 toro
1370 2291 1445 2318 erat
1456 2286 1616 2318 exitialis.

152 2339 189 2366 et
206 2335 370 2368 Minervae
380 2338 550 2379 junctum.
953 2341 995 2371 44
1010 2339 1110 2379 Idoeo]
1125 2338 1418 2378 Paride,scilicet‚
1427 2337 1484 2379 qui
1500 2337 1534 2368 in
1551 2337 1617 2370 Ida

195 2388 235 2416 35
262 2386 384 2427 Pelles]
414 2388 520 2430 Maia,
535 2389 677 2422 scilicet.
911 2393 1026 2421 monte
1041 2389 1186 2419 Veneris
1199 2387 1341 2419 formam
1353 2387 1498 2420 Junonis
1511 2391 1615 2429 atque

193 2440 234 2467 39
258 2437 341 2477 Illis]
367 2439 530 2479 Lucibus,
555 2441 700 2480 scilicet,
723 2440 757 2471 in
774 2449 856 2481 quas
912 2441 1080 2472 Minervae
1097 2438 1215 2470 formae
1232 2438 1432 2479 praeposuit.

152 2491 185 2517 et
203 2486 354 2517 homines
368 2487 734 2521 diciturintroducere.
952 2493 993 2520 45
1021 2489 1193 2529 Paeniteat]
1222 2488 1395 2529 Siquidem
1411 2488 1535 2519 nullam
1556 2488 1616 2521 Ju-

193 2539 233 2568 41
253 2536 410 2578 Posuisse]
426 2538 598 2579 Cumjure
613 2546 730 2581 posset
742 2541 855 2579 irasci,
910 2539 1005 2570 nonis
1021 2539 1172 2569 habeant
1197 2539 1363 2569 rationem
1390 2538 1549 2578 Romani,
1563 2542 1614 2570 at·

150 2587 261 2619 causis
279 2597 363 2628 quas
381 2588 554 2628 subjiciet.
910 2600 974 2632 que
992 2590 1116 2620 mensis
1131 2590 1292 2620 honorem
1310 2589 1357 2619 illi
1380 2587 1568 2621 invideant.

193 2640 236 2669 42
263 2637 371 2669 Genus
387 2639 538 2680 Electrae]
567 2641 741 2682 Trojanos,
754 2645 855 2683 atque
954 2639 1133 2681 Nonsoteo]
1146 2639 1252 2681 Atqui
1263 2639 1305 2670 ad
1317 2643 1507 2672 extremum
1517 2639 1615 2675 fovit.

149 2689 236 2721 adeo
246 2688 416 2720 Romanos
426 2689 483 2731 qui
495 2690 537 2722 ab
550 2691 690 2724 Electra
700 2691 855 2726 Dardani
910 2689 1062 2731 Exquire
1077 2689 1177 2721 modo
1193 2699 1213 2720 a
1227 2690 1384 2721 Marone.
1602 2719 1607 2724 ,

150 2744 259 2773 matre
275 2740 458 2782 progeniti.
950 2743 993 2773 46
1005 2739 1094 2781 Sint]
1113 2740 1208 2772 Istud
1223 2739 1359 2783 quidem
1373 2745 1520 2775 testatur
1531 2750 1612 2785 quo·
