1773 3121
203 199 317 242 2106
688 211 730 240 P.
761 210 919 241 ovmn
953 209 1165 241 NAsoNis

205 304 292 347 Vel
310 306 414 359 quia
435 304 666 359 purpureis
688 306 912 347 collucent
931 307 1108 348 floribus
1130 291 1249 359 a‘gri3

263 372 454 413 Lumina
474 377 577 412 sunt
591 376 763 414 nostros
784 375 882 414 visa
902 374 1052 414 decere
1081 374 1198 414 dies:

205 440 291 482 Vel
313 440 416 493 quia
436 453 515 480 nec
534 439 617 480 flos
638 444 702 481 est
720 441 878 491 hebeti,
900 454 977 482 nec
999 442 1185 489 flamma,
1211 438 1356 480 colore
1375 450 1386 482 ε
1574 435 1660 479 365

263 506 411 561 Atque
433 509 587 548 oculos
609 508 651 548 in
672 521 718 548 se
739 509 942 561 splendor
961 514 1146 561 uterque
1165 507 1324 548 trahit:

206 573 294 615 Vel
315 575 420 628 quia
440 575 613 616 deliciis
632 581 846 617 nocturna
865 577 1041 617 licentia
1061 575 1219 616 nostris

265 640 492 683 Convenit.
539 641 581 683 A
601 656 702 683 vero
722 644 844 685 tertia
867 657 1002 685 causa
1023 644 1154 685 venit.

207 706 289 750 Est
308 710 439 750 breve
459 714 686 763 praeterea,
710 711 764 751 de
783 725 870 764 quo
890 712 991 751 mihi
1014 723 1207 764 quaerere
1226 712 1380 759 restat,

267 775 315 816 Si
336 776 481 824 liceat,
501 776 607 815 dixi.
656 777 783 816 Dixit
803 782 847 816 et
867 777 956 825 illa,
979 777 1122 818 Licet.
1578 773 1664 815 370

211 841 299 883 Cur
319 842 398 882 tibi
416 855 494 895 pro
517 842 698 895 Libycis
715 842 971 882 claudantur
991 849 1082 883 rete
1104 843 1279 884 Leaenis

268 908 472 949 Imbelles
494 922 664 962 capreae
689 909 973 962 solicitusque
993 910 1133 962 lepus.

211 972 319 1016 Non
339 976 439 1025 sibi,
461 976 700 1029 respondit,
722 977 870 1029 sylvas
892 978 1077 1018 cessisse
1095 991 1106 1029 3
1138 976 1214 1017 sed
1233 976 1399 1026 hortos,

267 1041 478 1096 Arvaque
500 1045 685 1096 pugnaci
705 1057 793 1084 non
814 1045 1018 1085 adeunda
1038 1045 1155 1087 ferae.

215 1108 375 1151 Omnia
394 1110 564 1151 finierat
581 1125 589 1152 :
623 1117 776 1152 tenues
796 1114 981 1153 secessit
996 1114 1041 1154 in
1061 1126 1204 1155 auras.
1584 1108 1671 1153 375

271 1177 440 1218 Mansit
461 1179 591 1219 odor:
621 1192 778 1232 posses
797 1181 905 1220 scire
926 1181 1061 1220 fuisse
1082 1181 1238 1221 Deam.

215 1243 397 1285 Floreat
416 1249 465 1285 ut
485 1249 573 1285 toto
596 1258 770 1287 carmen
792 1247 991 1288 Nasonis
1012 1247 1057 1287 in
1078 1260 1191 1297 aevo,

273 1311 454 1365 Sparge,
477 1324 649 1364 precor,
673 1312 798 1353 donis
819 1318 997 1365 pectora
1016 1317 1168 1353 nostra
1187 1313 1289 1353 tuis.

218 1377 390 1418 NOCTE
411 1379 557 1418 miuus
579 1382 733 1431 quarta
753 1383 921 1431 promet
938 1392 1018 1420 sua
1038 1380 1183 1420 sidera
1201 1378 1362 1420 Chiron

273 1447 473 1497 Semivir,
493 1452 534 1489 ct
553 1448 658 1489 flavi
677 1461 857 1502 corpore
876 1448 1040 1490 mixtus
1059 1449 1175 1502 equi.
1589 1446 1674 1489 380

215 1548 254 1578 lit
269 1556 349 1579 meos
374 1557 500 1578 erroreS.
545 1548 683 1579 Lumina
707 1552 777 1579 sunt
804 1549 922 1580 credita
945 1550 1106 1580 convenire
1127 1549 1242 1580 nostris
1263 1548 1382 1586 diebus,
1407 1547 1454 1579 vel
1479 1547 1552 1588 quia
1574 1546 1676 1587 campi

215 1590 375 1629 splendent
399 1590 526 1628 floribus
541 1592 728 1631 purpureis;
750 1593 798 1622 vel
823 1593 894 1631 quia
917 1602 1011 1632 neque
1025 1592 1092 1633 flos
1117 1602 1210 1632 neque
1235 1591 1320 1630 ignis
1342 1594 1388 1621 est
1403 1591 1500 1621 colore
1515 1588 1675 1629 languido,

217 1635 308 1671 atque
331 1636 457 1672 uterque
473 1633 585 1672 fulgor
599 1634 707 1674 flectit
722 1636 820 1665 oculos
832 1636 872 1665 ad
887 1644 918 1665 se
931 1645 941 1671 ;
964 1635 1011 1666 vel
1024 1636 1097 1675 quia
1110 1635 1234 1666 licentia
1251 1637 1398 1665 nocturna
1413 1636 1487 1673 apta
1502 1636 1546 1663 est
1561 1632 1678 1663 nostris

217 1675 347 1705 deliciis.
396 1677 501 1706 Tertia
516 1677 597 1707 ratio
620 1677 740 1717 petitur
754 1687 793 1708 ex
808 1677 951 1708 veritate.
999 1678 1057 1708 Est
1074 1678 1197 1718 insuper
1210 1678 1358 1716 exiguum
1373 1675 1464 1717 quid,
1486 1675 1622 1716 inquam,
1639 1675 1677 1706 de

219 1727 276 1757 quo
300 1722 437 1757 superest
461 1719 538 1749 mihi
564 1723 597 1749 ut
622 1723 793 1759 perconter,
818 1720 1054 1751 siconcedatur.
1091 1723 1193 1760 Atque
1218 1720 1272 1750 illu
1296 1719 1462 1760 respondit,
1479 1718 1676 1750 Conceditur.

222 1760 426 1795 Quamobrem
441 1771 558 1801 capreae
572 1763 703 1801 placida:
717 1766 809 1803 atque
825 1764 908 1803 lepus
922 1764 1051 1802 pavidus
1070 1763 1128 1794 tibi
1144 1763 1326 1794 claudantur
1347 1772 1402 1802 pro
1417 1761 1522 1793 leaenz's
1541 1759 1676 1800 Libycis.

220 1802 343 1834 Retulit
358 1813 416 1834 uon
430 1805 531 1844 sylvas
545 1805 605 1835 sibi
628 1805 786 1845 obtigisse,
810 1808 863 1836 sed
890 1806 1005 1843 hortos,
1031 1809 1120 1846 utque
1143 1815 1235 1845 agros
1250 1816 1310 1836 non
1324 1802 1576 1842 intrandosferoe
1593 1803 1678 1834 belli-

219 1854 307 1876 εοεαε.
350 1846 534 1878 Absolverat
550 1848 663 1888 omnia,
686 1848 807 1888 dilapsa
831 1852 877 1879 est
905 1848 938 1878 in
963 1848 1064 1879 a'e'rem
1087 1849 1241 1879 subtilem.
1289 1849 1375 1879 Odor
1388 1846 1559 1888 superfuit:
1577 1855 1678 1886 posses

221 1888 396 1927 intelligere
412 1889 514 1926 fuisse
530 1890 642 1921 Deam.
690 1891 754 1920 Oro
770 1891 842 1932 offla
858 1892 950 1921 corda
965 1895 1069 1921 nostra
1087 1892 1149 1921 tuis
1163 1891 1349 1930 muneribus,
1372 1893 1407 1921 ut
1422 1898 1526 1920 versus
1542 1888 1678 1919 Nasonis

222 1931 348 1970 vigeant
362 1931 444 1962 omni
460 1935 603 1972 tempore.

694 1933 794 1964 Nocte
819 1934 918 1964 minus
941 1936 1052 1973 quarta
1070 1933 1186 1965 Chiron
1206 1933 1344 1973 semivir,
1370 1936 1400 1964 et
1417 1932 1547 1971 junctus
1558 1929 1679 1971 corpori

835 2016 855 2027 -e-

225 2068 343 2098 Burm.
368 2068 377 2085 ‘
396 2068 562 2099 Latinius'
578 2073 796 2109 μηδι-363
810 2071 905 2102 Unus
923 2072 1044 2102 Heius.
1071 2073 1177 2103 colluc.
1193 2071 1315 2110 ignibus
1328 2080 1398 2109 agr.
1416 2073 1451 2100 et
1467 2069 1514 2100 ita
1527 2069 1677 2109 Marsus,

225 2109 282 2151 qui
297 2109 340 2140 de
368 2110 445 2141 Sole
472 2111 741 2151 explicat.—365
767 2113 822 2143 Fr.
839 2114 911 2152 quia
926 2115 972 2144 sic
990 2113 1023 2151 f.
1039 2124 1064 2145 e.
1081 2115 1114 2145 Ιι.
1140 2115 1188 2144 vel
1204 2113 1354 2153 fl.—366
1378 2113 1448 2143 Pro
1463 2112 1496 2142 in
1509 2121 1539 2142 se
1553 2112 1610 2143 Sa.
1626 2122 1678 2153 pr.

225 2153 268 2184 V.
285 2157 320 2183 et
337 2157 407 2183 tres
436 2153 492 2183 alii
519 2154 621 2184 z'nter:
655 2153 788 2185 Arund.
814 2156 911 2185 Voss.
937 2160 972 2186 et
995 2156 1130 2196 plurimi
1155 2155 1212 2186 alii
1237 2157 1471 2186 nostros.--368
1496 2155 1588 2186 Caus.
1608 2154 1678 2192 fuit

226 2200 312 2225 unus
329 2195 423 2226 Med.
441 2205 482 2226 an
499 2205 560 2235 pro
568 2195 673 2237 fluit?
698 2196 925 2229 Heins.—3⁷1
952 2198 1020 2228 Pro
1038 2199 1126 2237 vulg.
1142 2199 1338 2235 clauduntur,
1355 2198 1364 2215 ‘
1381 2198 1566 2228 claudantur
1581 2197 1679 2237 prim.

225 2236 385 2270 Ambros.
401 2238 486 2269 Laeti
504 2242 536 2268 et
555 2244 701 2279 quatuor
718 2239 775 2270 alii
791 2250 800 2277 ;
824 2244 862 2270 ut
876 2240 1051 2280 superiora
1068 2241 1137 2279 illa,
1157 2241 1241 2271 dixit
1257 2244 1286 2271 et
1306 2240 1359 2271 illa
1375 2240 1458 2279 licet,
1473 2240 1538 2280 vel,
1552 2240 1679 2271 dixerat

224 2279 291 2318 illa,
305 2284 342 2311 ut
359 2285 411 2311 est
426 2281 458 2310 in
476 2280 672 2319 Erfurtano,
688 2291 749 2321 per
764 2282 988 2313 Parelithesin
1005 2282 1185 2324 legantur.²
1210 2283 1322 2314 Heins.
1368 2282 1535 2313 Priscian.
1553 2292 1587 2322 p.
1602 2285 1679 2314 759.

227 2322 324 2360 citat,
339 2323 521 2354 claudantur
537 2326 601 2354 rete
613 2324 752 2361 Leones;
775 2325 955 2363 mendose;
979 2325 1035 2356 ubi
1059 2325 1171 2365 docet,
1188 2330 1262 2356 rete
1286 2325 1339 2355 hic
1357 2334 1418 2365 pro
1434 2326 1495 2355 reti
1510 2329 1655 2355 sumtum
1670 2336 1677 2356 :

214 2373 282 2404 »pro
298 2364 416 2404 Libyco
433 2366 614 2396 claudantur
628 2370 692 2397 rete
707 2367 790 2397 leone
806 2367 932 2407 Regius
949 2377 1032 2398 unus
1060 2378 1079 2398 a
1103 2378 1146 2399 m.
1172 2378 1222 2408 pr.
1247 2368 1465 2398 Burm.—375
1490 2367 1558 2398 Pro
1573 2371 1681 2398 tenues

228 2415 281 2447 pr.
298 2405 342 2437 A.
358 2412 394 2437 et
410 2408 496 2438 Laeti
511 2418 634 2439 vacuam.
657 2409 745 2439 Tum
758 2410 901 2441 successit
917 2410 1053 2450 quidam
1077 2411 1181 2448 editi3
1206 2414 1242 2441 et
1258 2410 1307 2441 ita
1322 2415 1395 2441 erat
1411 2410 1444 2440 in
1468 2414 1546 2440 octo
1563 2409 1679 2440 libris:

230 2448 291 2479 sed
333 2448 477 2488 praefert
511 2451 626 2482 Burm.
659 2452 828 2491 vulgatum
864 2454 1007 2484 secessit.-
1039 2457 1077 2484 ut
1106 2453 1210 2484 Trist.
1241 2462 1289 2483 ιν.
1317 2455 1347 2483 8.
1378 2456 1431 2484 27.
1475 2452 1484 2468 ‘
1510 2451 1682 2483 Secedere

229 2491 265 2522 in
294 2491 435 2522 hortos.'
472 2492 584 2522 Burm.
596 2511 637 2514 —
649 2496 710 2524 377
746 2494 785 2524 In
813 2494 882 2525 orbe
919 2495 1046 2526 Thuan.
1077 2495 1246 2527 totum...in
1276 2505 1375 2526 oevum
1404 2504 1506 2526 unus:
1545 2494 1682 2526 toto...in

230 2542 309 2564 anno
342 2533 438 2565 alius.
494 2533 678 2575 Gottorph.
714 2535 802 2567 Mor.
843 2541 878 2567 et
917 2537 983 2568 duo
1023 2537 1079 2568 alii
1109 2547 1215 2569 nomen
1246 2537 1389 2568 Nasonis,
1401 2540 1516 2570 -379
1541 2536 1587 2568 Η.
1617 2546 1679 2577 pro

888 2607 1028 2640 NOTAE

234 2655 327 2688 faces
351 2665 412 2696 per
436 2659 583 2696 noctem,
599 2657 633 2687 in
650 2667 748 2698 quam
764 2660 930 2700 protracti
1025 2664 1086 2692 371
1114 2661 1320 2701 Claudantur]
1352 2660 1408 2692 lta
1425 2670 1504 2691 vero
1524 2660 1558 2692 in
1587 2662 1680 2693 thea-

234 2705 498 2745 ludi‚illecebris
515 2707 689 2747 aptissima
703 2709 851 2740 licentia.
983 2714 1072 2743 trum
1102 2710 1312 2752 ferebantur,
1336 2715 1406 2743 tum
1420 2710 1526 2744 fiebat
1548 2712 1681 2744 venatio

278 2759 341 2790 364
370 2756 519 2797 Nostros]
546 2756 709 2801 Florales,
722 2758 866 2791 scilicet.
983 2761 1150 2803 qnaedam.
