1773 3121
205 245 317 290 1934
686 258 724 287 Ρ.
756 255 912 287 ovum
947 255 1159 287 NASONIS

207 350 254 394 N
255 363 305 392 ec
321 362 444 391 mora
459 361 471 400 ;
503 348 649 390 celato
669 348 761 402 figit
780 362 861 390 sua
877 354 1058 404 pectora
1073 350 1200 400 ferro,

263 416 322 458 Et
341 416 460 458 cadit
478 417 523 456 in
544 416 714 469 patrios
735 418 1066 470 sanguinolenta
1085 417 1235 472 pedes.

205 483 330 525 Tunc
351 496 524 536 quoque
538 483 634 538 jam
653 484 860 535 moriens,
880 498 934 526 ne
953 498 1040 526 non
1059 485 1315 539 procumbat
1333 482 1535 534 honeste,

264 550 495 603 Respicit:
524 550 620 592 haec
640 551 774 593 etiam
795 565 900 594 cura
921 552 1117 594 cadentis
1137 555 1240 592 erat.

206 616 324 659 Ecce
345 630 476 670 super
495 630 656 671 corpus
674 619 923 660 communia
943 619 1099 660 damna
1119 621 1352 672 gementes,

264 682 401 724 Obliti
422 683 604 735 decoris,
623 686 776 740 virque
795 691 1003 740 paterque
1018 686 1187 740 jacent.

208 749 372 792 Brutus
391 750 518 792 adest
534 765 546 803 ;
575 751 832 806 tandemque
853 753 997 793 animo
1019 765 1102 793 sua
1121 752 1299 793 nomina
1316 749 1450 792 fallit:

267 815 474 869 Fixaque
494 817 725 857 semanimi
743 830 925 869 corpore
944 819 1030 858 tela
1048 819 1182 870 rapit.

209 880 543 934 Stillantemque
564 886 714 923 tenens
732 896 942 935 generoso
963 884 1173 935 sanguine
1192 883 1389 934 cultrum,

265 948 415 988 Edidit
434 947 684 1001 impavidos
705 961 778 989 ore
795 949 989 990 minante
1010 961 1169 990 sonos:

208 1014 296 1057 Per
312 1014 394 1056 tibi
414 1028 493 1068 ego
511 1015 627 1056 hunc
642 1015 745 1069 juro
764 1015 923 1056 fortem
942 1019 1196 1070 castumque
1222 1027 1432 1067 cruorem,
1463 1037 1465 1039 ·

267 1081 443 1136 Perque
463 1085 560 1123 tuos
581 1081 754 1133 Manes,
776 1083 854 1137 qui
872 1082 977 1123 mihi
995 1095 1153 1123 numen
1171 1084 1296 1123 erunt
1312 1094 1326 1134 ;

209 1149 498 1202 Tarquinium
518 1162 676 1203 poenas
697 1149 882 1203 profuga
901 1163 999 1191 cum
1019 1150 1152 1204 stirpe
1173 1149 1391 1191 daturum.

267 1215 297 1256 J
301 1228 372 1256 am
392 1215 498 1255 satis
520 1219 588 1256 est
607 1216 744 1256 virtus
766 1215 1040 1256 dissimulata
1061 1216 1151 1257 diu.

211 1281 296 1323 Illa
306 1282 464 1336 jacens
485 1281 542 1322 ad
561 1283 695 1323 verba
714 1282 866 1323 oculos
887 1283 981 1323 sine
999 1282 1158 1323 lumine
1180 1281 1348 1335 movit;

267 1347 468 1402 Visaque
487 1360 703 1390 concussa
723 1348 842 1390 dicta
859 1350 1043 1402 probare
1064 1361 1208 1390 coma.

1566 615 1653 659 835

1575 1279 1662 1323 845

212 1446 325 1487 inquit,
340 1455 445 1476 recuso
460 1444 579 1475 veniam
591 1455 681 1485 quam
695 1446 777 1476 datis
786 1456 796 1476 .·
817 1449 849 1476 et
861 1447 1004 1477 continuo
1018 1446 1186 1484 transfodit
1197 1456 1285 1477 suum
1302 1449 1409 1486 pectus
1421 1445 1520 1476 cultro
1534 1444 1661 1486 occulto,

212 1492 304 1528 atque
327 1490 454 1518 cruenta
474 1487 648 1526 procumbit
671 1488 712 1518 ad
736 1489 826 1527 pedes
850 1487 960 1527 patris.
1007 1488 1090 1519 Tunc
1106 1488 1277 1526 etiamjam
1292 1487 1434 1526 moriens,
1449 1490 1537 1518 curat
1551 1497 1589 1518 ne
1602 1496 1664 1518 non

212 1531 303 1561 cadat
318 1529 459 1560 honeste:
481 1527 623 1567 haecfuit
637 1529 732 1560 etiam
745 1529 905 1562 solicitudo
920 1530 1090 1562 morientis.
1133 1531 1214 1562 Ecce
1237 1529 1367 1561 maritus
1395 1532 1424 1560 et
1448 1529 1583 1568 genitor,
1606 1527 1666 1560 im-

212 1581 358 1603 memores
372 1572 500 1610 decoris,
526 1575 707 1603 sternuntur
720 1582 811 1612 super
830 1583 939 1612 corpus
945 1572 1061 1613 flentes
1075 1574 1186 1604 damna
1200 1572 1381 1604 communia.
1426 1571 1549 1602 Brutus
1565 1570 1666 1610 adest,

214 1619 308 1654 atque
322 1615 449 1654 denique
463 1614 619 1653 abjudicat
632 1624 687 1645 sua
700 1614 823 1645 nomina
837 1615 960 1655 ingenio
971 1626 981 1646 :
1003 1618 1033 1646 et
1059 1615 1180 1647 revellit
1203 1616 1337 1653 cultrum
1356 1613 1526 1645 immissum
1540 1621 1666 1654 corpore

214 1656 398 1687 semianimi.
447 1659 546 1697 Atque
560 1660 664 1687 tenens
679 1656 771 1688 telam
785 1659 910 1689 madens
922 1657 1072 1697 sanguine
1091 1657 1199 1696 nobili,
1210 1657 1341 1698 protulit
1364 1665 1450 1687 voces
1463 1656 1593 1686 audaces
1612 1665 1665 1686 ore

215 1699 353 1729 minante
365 1709 374 1729 :
404 1699 470 1738 Ego
500 1699 558 1730 libi
578 1699 653 1738 J‘uro
677 1709 732 1740 per
758 1699 839 1730 hunc
867 1701 1047 1738 sanguinem
1070 1703 1187 1731 castum
1208 1703 1239 1731 et
1258 1708 1450 1739 generosum,
1466 1702 1496 1729 et
1509 1707 1566 1738 per
1578 1700 1668 1728 tuam

222 1741 379 1779 Umbram,
395 1751 461 1781 quoe
475 1742 534 1772 erit
551 1742 626 1772 mihi
640 1752 762 1780 numen,
780 1742 980 1782 Tarquinium
994 1744 1217 1782 persoluturum
1230 1751 1335 1782 poenas
1347 1751 1416 1772 cum
1424 1741 1522 1772 sobole
1533 1739 1666 1780 fugata.

222 1783 328 1815 Virtus
343 1788 386 1814 est
402 1784 499 1815 celata
505 1784 574 1823 jam
588 1784 666 1815 satis
680 1785 745 1816 diu.
791 1785 852 1816 Illa
871 1788 1030 1826 prostrata
1054 1786 1150 1816 movit
1164 1786 1262 1816 oculos
1272 1785 1340 1816 sine
1354 1785 1421 1816 acie
1435 1784 1476 1815 aa
1491 1793 1546 1814 eas
1561 1791 1666 1821 voce&

826 1868 1058 1879 eeeeeeeeeeee

220 1919 275 1950 que
300 1913 556 1941 coactoe.—83l
594 1911 672 1942 Pet.
701 1921 778 1941 mor.
807 1911 918 1941 collato
943 1910 976 1948 f.
1012 1911 1102 1942 unde
1130 1912 1253 1942 Heius.
1289 1911 1379 1951 conj.
1414 1911 1546 1949 prolato.
1580 1909 1667 1940 Tum

219 1952 353 1991 plurimi
379 1952 461 1992 fixit
481 1962 551 1983 sua.
585 1953 629 1983 Et
659 1953 829 1990 meliores,
857 1957 944 1983 teste
977 1953 1096 1983 Heius.
1133 1957 1213 1991 pect.
1242 1954 1473 1983 culum—833
1498 1950 1586 1981 Laeti
1606 1949 1669 1982 lib.

219 1998 256 2024 et
281 1993 349 2023 duo
377 1994 435 2023 alii
456 1994 526 2024 Hoc
551 1994 644 2024 etiam
666 1997 850 2024 παπ-838
875 1994 1064 2034 Hamburg.
1090 1994 1201 2033 Fici-aq.
1229 1994 1394 2024 semanimo
1415 2002 1499 2032 corp.
1527 2001 1548 2022 a
1575 2001 1667 2024 man.

220 2044 273 2074 pr.
300 2039 372 2065 erat
400 2035 708 2066 semianima—840
732 2037 825 2066 Unus
851 2035 945 2066 Med.
972 2045 1024 2066 ore
1053 2036 1186 2066 micante
1213 2046 1280 2067 son.
1305 2035 1425 2065 Heius.
1456 2034 1579 2065 suadet
1607 2033 1665 2065 mi÷

219 2079 411 2108 mee-844
433 2077 514 2108 Jun.
540 2081 576 2108 et
604 2082 750 2118 quatuor
779 2079 834 2108 alii
863 2078 981 2108 dissim.
1011 2078 1223 2109 milia—845
1251 2078 1306 2108 Fr.
1336 2081 1439 2108 tacens
1461 2086 1524 2117 pro
1546 2075 1667 2115 jacens.

876 2139 1018 2172 NOTAE

265 2215 327 2244 831
356 2213 459 2253 Figit]
481 2213 610 2245 Eadem
628 2215 733 2246 tradit
749 2215 873 2246 Livius.

266 2269 329 2299 832
354 2266 492 2306 Patrios]
532 2266 672 2306 Optime
707 2276 748 2296 ex
782 2265 918 2304 decoro,

222 2319 318 2360 quasi
333 2318 520 2349 maritalem
541 2319 698 2348 violasset
719 2316 918 2356 pudicitiam

224 2369 405 2401 castissima
421 2375 584 2400 man-ona.

266 2421 328 2449 834
355 2418 517 2456 Cadencis]
555 2418 667 2459 Atque
685 2417 771 2447 adeo
796 2417 920 2456 pudica

224 2477 298 2508 quae
312 2467 457 2503 vixerat,
479 2469 614 2505 pudoris
630 2466 745 2496 habuit
758 2466 919 2497 rationem

224 2523 378 2545 moriens.

268 2566 329 2594 835
356 2562 550 2601 Communia]
589 2563 687 2592 Alter·
718 2563 803 2593 enim
831 2564 922 2604 filiae,

228 2612 341 2644 uxoris
357 2613 454 2649 altor,
472 2621 534 2640 ιιιοι
547 2618 611 2640 tvm
630 2610 791 2641 deflebat.

270 2665 331 2693 837
346 2661 480 2700 Brutus]
493 2661 554 2691 lue
570 2662 656 2691 idem
675 2661 715 2691 de
732 2672 794 2700 quo
812 2671 922 2700 supra,

229 2713 286 2754 qui
313 2711 393 2743 data
418 2720 524 2751 opera
546 2712 725 2742 stultitiam
751 2710 924 2740 simulave-

163 2782 168 2787 -
230 2768 300 2797 rat:
317 2772 405 2795 nune
419 2772 500 2794 vero
514 2762 622 2794 animo
634 2762 770 2794 minime
782 2761 923 2793 stultum

971 2224 1042 2246 esse
1058 2215 1227 2247 ostendet.

1014 2267 1076 2296 840
1100 2265 1263 2305 Minante]
1297 2265 1307 2282 ‘
1325 2265 1396 2296 Per
1420 2264 1524 2303 hunc,
1543 2261 1669 2304 inquit,

973 2314 1194 2345 castissimum
1228 2319 1306 2346 ante
1343 2314 1470 2354 regiam
1510 2312 1669 2353 injuriam

974 2365 1170 2404 sanguinem
1190 2366 1281 2405 juro,
1309 2373 1446 2404 vosque,
1470 2362 1541 2401 Dii,
1562 2364 1669 2392 testes

973 2414 1073 2452 facio,
1089 2424 1140 2445 me
1157 2415 1194 2446 L.
1219 2413 1440 2454 Tarquinium
1466 2409 1668 2450 Superbum,

974 2475 1052 2495 cum
1068 2466 1236 2495 scelerata
1259 2463 1401 2503 conjuge
1425 2465 1460 2492 et
1475 2458 1564 2490 omni
1585 2457 1670 2490 libe·

976 2524 1087 2544 rorum
1104 2515 1222 2551 stirpe,
1239 2512 1341 2546 ferro,
1358 2510 1439 2549 igni,
1455 2516 1669 2549 quacumque

975 2564 1094 2594 dehinc
1104 2564 1134 2592 vi
1147 2558 1670 2601 possim,executurum.’Livius.

1017 2614 1079 2642 842
1102 2609 1227 2648 Manes]
1260 2609 1360 2641 Genii
1387 2613 1464 2638 sunt
1492 2605 1670 2638 defuneto-

975 2672 1062 2700 rum,
1078 2672 1160 2702 quos
1178 2668 1213 2691 ut
1233 2662 1324 2691 Deos
1353 2659 1458 2690 coluit
1475 2656 1671 2699 antiquitas.

1017 2715 1079 2743 844
1103 2709 1325 2749 Dissimulata]
1347 2709 1495 2750 Tyranni
1517 2711 1613 2740 metu
1632 2716 1670 2739 so

977 2762 1119 2793 stultum
1134 2760 1306 2792 simulasse
1315 2760 1387 2801 jam
1397 2758 1521 2800 saepius
1531 2757 1670 2790 dictum.
