1773 3121
277 213 390 255 2048
763 223 805 254 P.
837 223 994 254 ovmn
1029 221 1241 254 NAsoms

279 320 373 360 Sub
393 319 510 361 Jove
531 317 703 360 duravit
720 319 866 361 multis
886 320 1067 360 immota
1086 318 1255 371 diebus,
1645 318 1730 359 505

337 387 393 428 Et
413 387 549 427 Lunae
571 385 761 439 patiens,
783 391 826 427 et
844 387 1055 440 pluvialis
1077 399 1223 439 aquae.

279 454 392 495 Fors
412 467 492 496 sua
513 453 670 507 cuique
689 454 794 494 loco
815 458 903 495 est:
935 467 1020 507 quo
1040 467 1151 495 nune
1174 452 1367 494 Cerealis
1390 451 1581 503 Eleusin,

337 522 511 563 Dicitur
531 520 615 562 hoc
639 520 760 561 Celei
780 535 879 563 rura
898 521 1039 562 fuisse
1062 522 1195 561 senis.

279 590 360 633 Ille
381 589 554 631 domum
574 588 750 641 glandes
771 601 1049 641 excussaque
1072 600 1194 628 mora
1218 587 1380 628 rubetis

335 657 503 706 Portat,
525 661 572 697 et
594 657 758 697 arsuris
780 657 904 697 arida
922 657 1039 708 ligna
1059 655 1189 696 focis.
1207 663 1209 665 ’
1647 653 1731 695 510

278 725 396 766 Filia
415 735 554 777 parva
575 722 686 762 duas
706 722 932 775 redigebat
951 735 1059 775 rupe
1080 722 1274 775 capellas
1292 734 1303 773 ;

335 792 392 833 Et
411 794 530 831 tener
549 790 596 830 in
618 789 744 829 cunis
763 789 878 829 filius
900 802 1015 839 aeger
1034 793 1139 829 erat.

277 858 438 907 Mater,
459 857 521 897 ait
540 856 677 907 virgo,
708 854 849 908 (mota
867 858 931 895 est
948 854 1046 894 Dea
1065 856 1235 895 nomine
1253 853 1446 910 matris,)

333 924 454 975 Quid
474 923 587 964 facis
606 921 652 962 in
674 921 784 962 solis
803 921 1060 962 incomitata
1075 920 1196 974 jugis
1209 921 1228 960 Τ

277 991 460 1033 Restitit
480 993 525 1031 et
544 989 701 1038 senior,
723 988 924 1042 quamvis
946 1001 1058 1029 onus
1080 992 1227 1040 urget:
1258 991 1302 1029 et
1319 993 1414 1029 orat
1647 988 1732 1030 515

331 1059 475 1100 Tecta
496 1070 589 1098 suae
609 1056 766 1097 subeat
785 1056 1190 1109 quantulacumque
1212 1067 1349 1096 casae.

276 1127 361 1169 Illa
378 1130 527 1179 negat:
557 1123 805 1178 (simularat
825 1136 970 1173 anum,
991 1124 1208 1177 mitraque
1228 1122 1418 1177 capillos

333 1193 563 1235 Presserat
575 1188 607 1244 t)
636 1190 819 1232 instanti
846 1190 954 1231 talia
978 1191 1099 1231 dicta
1117 1190 1272 1231 refert:

277 1263 445 1315 Sospes
465 1272 557 1309 eas,
576 1271 832 1312 semperque
852 1271 1012 1311 parens
1031 1272 1041 1299 z
1072 1259 1177 1299 mihi
1197 1258 1288 1298 filia
1306 1260 1436 1311 rapta
1454 1263 1532 1301 est.

335 1328 441 1371 Heu
460 1326 609 1368 melior
630 1329 791 1379 quanto
810 1330 906 1365 sors
927 1328 1002 1366 tua
1022 1328 1135 1366 sorte
1157 1337 1255 1365 mea
1274 1319 1283 1365 ἔ
1647 1326 1731 1368 520

275 1459 402 1491 immota
415 1456 469 1488 sub
484 1455 536 1486 dio
552 1455 657 1486 multis
671 1454 789 1495 diebus,
801 1454 925 1496 patiens
940 1459 969 1487 et
985 1456 1082 1487 Lunoe
1096 1459 1124 1487 et
1147 1466 1232 1496 aquoe
1245 1456 1402 1496 pluvialis.
1448 1456 1524 1487 Sors
1538 1466 1592 1488 sua
1607 1461 1652 1488 est
1667 1459 1732 1490 cui·

275 1512 333 1543 que
348 1503 422 1532 loco.
466 1498 568 1529 Aiunt
583 1508 628 1537 eo,
651 1508 708 1538 quo
722 1508 802 1529 nunc
819 1498 947 1529 Eleusin
965 1499 1114 1537 Cerealis,
1131 1498 1234 1537 fuisse
1258 1508 1334 1529 arva
1351 1499 1432 1530 senis
1448 1500 1543 1530 Celei.
1589 1499 1647 1530 Ille
1664 1500 1733 1537 fert

274 1548 396 1576 domum
408 1542 551 1581 glandes,
574 1543 605 1571 et
621 1550 706 1571 mora
722 1541 849 1581 derepta
871 1541 1000 1581 rubetis,
1024 1545 1115 1582 atque
1140 1542 1226 1580 ligna
1248 1542 1329 1572 sicca
1344 1540 1429 1579 focis
1451 1541 1580 1572 arsun's.
1624 1543 1733 1573 Parva

264 1587 341 1630 filia
356 1583 519 1617 reducebat
541 1583 697 1614 montibus
722 1584 798 1614 duas
822 1584 952 1623 capellas
960 1595 972 1621 ;
995 1587 1086 1624 atque
1111 1587 1198 1615 tener
1213 1584 1307 1624 filius
1331 1585 1490 1615 morbidus
1504 1587 1572 1615 erat
1587 1583 1622 1616 in
1635 1585 1732 1617 cunis.

273 1631 408 1667 Parens,
425 1627 526 1668 inquit
539 1626 652 1667 puella,
675 1626 774 1665 (Dea
790 1629 874 1657 tacta
889 1630 933 1657 est
958 1629 1078 1658 nomine
1092 1626 1243 1667 parentis,
1248 1627 1267 1665 )
1282 1627 1356 1666 quid
1377 1627 1448 1666 agis
1471 1627 1535 1658 sola
1549 1627 1582 1658 in
1605 1627 1733 1658 collibus

273 1671 403 1703 desertis
412 1668 428 1701 :2
472 1669 575 1700 Senex
589 1669 685 1700 etiam
699 1668 852 1709 constitit,
866 1669 1004 1709 quamvis
1018 1679 1093 1700 onus
1105 1673 1230 1709 gravat,
1245 1673 1335 1710 atque
1350 1673 1496 1708 precatur
1516 1673 1552 1702 ut
1575 1669 1734 1709 ingredia-

273 1719 325 1746 tur
341 1716 422 1745 tecta
436 1712 712 1752 quantulacumque
727 1712 776 1741 sui
792 1712 924 1750 tugurii.
970 1712 1034 1743 Illa
1049 1715 1195 1748 recusat5
1210 1711 1348 1750 formam
1364 1712 1510 1743 induerat
1531 1718 1620 1752 anus,
1637 1715 1732 1753 atque

273 1759 399 1788 texerat
420 1764 537 1786 comam
559 1755 667 1785 mitra.
711 1753 829 1784 Reddit
854 1753 1028 1793 hujusmodi
1050 1754 1145 1785 verba
1172 1756 1317 1794 urgenti:
1342 1755 1494 1785 Discedas
1515 1753 1676 1786 incolumis
1701 1758 1733 1786 et

273 1808 390 1840 semper
403 1801 514 1840 pater.-
536 1796 613 1828 mihi
626 1796 703 1837 filia
717 1796 838 1827 sublato
854 1800 910 1829 est.
957 1796 1031 1828 Heu
1047 1807 1136 1838 quam
1153 1800 1207 1828 tud
1222 1796 1358 1828 conditio
1373 1799 1419 1828 est
1439 1797 1544 1839 potior
1557 1796 1733 1830 conditione

888 1890 965 1906 urse
967 1894 1121 1906 ‘‘‘‘‘‘‘

274 1963 334 1990 501
360 1958 430 1990 Pro
445 1961 555 1999 patens
579 1958 636 1990 Sa.
656 1961 880 1998 petens.—505
906 1959 947 1990 R.
973 1959 1061 1989 mult.
1088 1957 1194 1997 ignota
1218 1957 1418 1988 dieu—507.
1443 1959 1506 1988 508
1527 1955 1583 1987 Sic
1610 1954 1728 1988 Heius.

273 2001 410 2033 distich.
425 2001 624 2039 constituit;
647 2002 726 2031 olim
744 2001 937 2042 legebatur,
959 2002 1012 2041 qui
1029 2010 1107 2031 nunc
1124 2001 1161 2031 C.
1180 2000 1299 2030 Eleusis
1310 1999 1452 2037 Dicitur,
1467 1998 1518 2029 hic
1536 1999 1572 2029 C,
1586 2007 1615 2028 r.
1635 1997 1729 2036 fuere

272 2054 297 2074 s.
335 2043 401 2074 Sed
425 2053 483 2082 quo
513 2053 590 2073 nunc
612 2047 666 2073 est
693 2044 725 2073 in
742 2044 960 2080 Ursin.[Pat.
986 2048 1021 2074 et
1038 2043 1145 2073 tribus
1161 2043 1254 2073 aliis:
1281 2043 1342 2072 Be.
1368 2051 1437 2072 nam
1458 2041 1533 2081 qui‚·
1554 2040 1635 2072 Jun.
1656 2051 1728 2072 nam

272 2095 362 2125 (ματ,-
384 2085 533 2125 quinque
562 2085 682 2124 scripti
703 2084 754 2115 ubi
781 2094 870 2116 nunc.
909 2086 999 2122 Dein
1026 2084 1193 2121 meliores,
1221 2089 1309 2114 teste
1338 2083 1455 2113 Heins.
1483 2083 1619 2113 Eleusin.
1642 2083 1727 2115 Mox

272 2128 327 2158 hoc
343 2127 483 2158 exhibet
503 2126 613 2157 Ursiu.
631 2131 666 2156 at
697 2136 781 2157 unus
808 2128 884 2156 Par.
900 2125 1127 2163 hoec...fuisse,·
1150 2126 1262 2156 Helm.
1278 2125 1339 2161 nic,
1360 2130 1396 2155 et
1412 2125 1495 2155 alius
1510 2125 1564 2155 hoc
1573 2124 1725 2164 fuisse.-

273 2173 334 2201 511
360 2170 451 2209 Rupe
465 2168 582 2199 Heius.
612 2169 743 2208 recepit
760 2178 802 2199 ex
826 2168 939 2198 Ursin.
955 2173 990 2198 et
1008 2177 1072 2198 uno
1088 2168 1163 2197 Pat.
1189 2176 1250 2207 pro
1267 2168 1354 2206 vulg.
1373 2171 1492 2198 monle:
1515 2167 1595 2199 Jun.
1612 2173 1649 2199 et
1663 2168 1726 2200 Be.

263 2212 470 2250 forta—513
495 2211 550 2241 Fr.
574 2213 620 2241 est
635 2212 671 2240 de
686 2213 874 2242 nom—514
898 2211 976 2241 Duo
993 2210 1111 2249 scripti
1127 2210 1181 2240 sol.
1208 2219 1267 2240 non
1281 2209 1426 2240 comitata
1439 2221 1450 2240 .-
1473 2214 1509 2240 et
1524 2210 1623 2241 Voss.
1648 2219 1726 2242 cum

273 2253 472 2295 quibusdam
503 2253 575 2284 aliis
597 2253 687 2292 jugis
703 2262 764 2293 pro
792 2253 984 2283 locis.—515
1011 2251 1142 2282 Restitit
1175 2252 1292 2282 Heins.
1319 2252 1496 2292 rescripsit
1521 2262 1565 2283 ex
1593 2252 1727 2284 znlich.

270 2297 361 2328 Maz.
377 2305 428 2336 pr.
448 2296 488 2326 Α.
515 2295 646 2326 Arund.
671 2299 705 2326 et
720 2295 793 2326 aliis
816 2295 1003 2331 nonnullis;
1027 2295 1114 2330 vulg.
1141 2294 1301 2325 Perstitit.
1328 2295 1410 2324 Mox
1436 2294 1516 2326 Jun.
1533 2299 1568 2325 et
1597 2295 1660 2326 Be.
1675 2304 1725 2327 on.

270 2341 394 2378 urgeat,
409 2341 595 2369 orat.—516
619 2338 714 2368 Unus
732 2337 790 2368 lib.
806 2341 839 2368 ut
855 2337 937 2368 sube.
964 2343 997 2366 et
1025 2337 1156 2376 plurimi
1184 2336 1532 2376 qualiacumque—51?
1559 2336 1638 2368 Pet.
1655 2347 1726 2377 neg.

271 2381 427 2412 simulavit
443 2391 533 2412 an.-
542 2383 604 2412 520
628 2381 683 2411 Fr.
701 2390 767 2411 mea
783 2382 947 2411 est.—-52l
974 2380 1068 2410 Unus
1084 2379 1143 2410 lib.
1156 2379 1230 2409 lucr.
1246 2380 1387 2410 decorum
1402 2383 1459 2411 est.
1484 2379 1540 2411 Fr.
1553 2383 1599 2411 est
1615 2379 1724 2412 deest.

931 2495 1069 2528 NOTAE

314 2581 375 2610 505
399 2579 463 2610 Sub
479 2579 572 2619 Jove]
600 2580 670 2610 Sub
689 2580 754 2611 dio.
1023 2589 1137 2621 regem
1156 2577 1314 2610 fecerunt
1329 2576 1384 2619 qni
1401 2575 1571 2609 Eleusinae
1587 2576 1722 2619 imperi·

312 2632 375 2660 507
400 2629 477 2660 Fors
492 2629 552 2669 est]
583 2629 630 2660 Ut
643 2630 742 2660 modo
759 2630 903 2670 patebit.
1022 2640 1076 2661 um
1090 2630 1213 2660 tenuit.

315 2679 458 2718 Eleusin]
481 2681 565 2712 Qua:
579 2680 655 2711 urbs
671 2680 797 2711 Attica:
809 2680 850 2711 ad
865 2689 970 2720 mare,
1065 2681 1124 2711 511
1154 2679 1252 2719 Filia]
1282 2678 1389 2717 Ceiei,
1405 2679 1548 2711 scilicet.

270 2729 404 2762 Cereris
420 2730 523 2761 sacris
537 2731 719 2762 notissima.
1065 2734 1126 2761 513
1155 2730 1268 2771 Virgo]
1295 2729 1390 2762 Celei
1404 2728 1486 2762 fixia.

313 2783 377 2812 508
401 2781 500 2822 Celei]
539 2781 648 2814 Quem
675 2784 788 2813 tamen
818 2781 969 2814 nonnulli
