1773 3121
221 225 333 268 1938
717 243 755 273 P.
788 243 947 274 ovinu
981 244 1194 275 NAsoms

221 333 421 377 Forsitan
441 336 536 389 ipse
556 348 697 389 roges,
718 339 821 392 quid
842 341 897 380 sit
917 353 1014 381 cum
1035 339 1179 381 Marte
1199 340 1344 394 poetae

275 403 320 443 A
341 408 396 453 te,
418 404 492 457 qui
513 406 696 455 canitur,
717 408 892 448 nomina
911 409 1077 448 mensis
1098 408 1245 448 habet.

217 467 324 523 Ipse
342 470 465 511 vides
487 473 692 513 manibus
714 476 864 527 peragi
884 476 977 516 fera
997 475 1112 516 bella
1133 474 1363 516 Minervae.
1645 476 1676 516 5

276 536 396 577 Num
417 539 555 578 minus
577 540 776 592 ingenuis
797 542 964 583 artibus
985 542 1064 582 illa
1081 541 1245 582 vacat?

217 602 420 645 Palladis
441 607 646 659 exemplo
667 609 880 661 ponendae
902 614 1102 663 tempora
1125 621 1247 649 sume

274 670 484 725 Cuspidis
502 688 511 714 :
543 675 740 716 invenies
762 681 806 717 et
823 678 941 730 quod
960 677 1135 718 inermis
1157 687 1280 728 agaS.

214 736 328 778 Tum
349 746 519 793 quoque
538 741 715 782 inermis
737 755 847 792 eras,
869 756 968 783 cum
989 748 1030 784 te
1052 743 1261 783 Romana
1279 740 1487 782 sacerdos

273 803 417 857 Cepit,
440 811 484 846 ut
504 807 605 847 huic
627 807 738 847 Urbi
757 809 922 849 semina
943 809 1073 860 digna
1093 809 1232 849 dares.
1611 807 1668 847 10

215 869 300 910 Ilia
319 870 529 920 Vestalis,
559 872 688 925 (quid
709 874 823 913 enim
843 877 964 914 vetat
983 874 1082 914 inde
1103 875 1274 915 moveri
1288 873 1330 928 Τ)

272 936 408 978 Sacra
428 939 646 979 lavaturas
668 953 792 980 mane
812 942 990 994 petebat
1011 954 1167 993 aquas·

211 1001 398 1044 Ventum
419 1009 512 1046 erat
532 1006 588 1045 ad
608 1007 728 1046 molli
749 1006 959 1048 declivem
981 1008 1150 1048 tramite
1170 1006 1309 1059 ripam
1330 1020 1339 1047 ε

268 1070 455 1112 Ponitur
475 1085 498 1112 e
517 1086 688 1113 summa
710 1075 857 1115 fictilis
877 1089 988 1116 urna
1010 1088 1155 1116 coma.

212 1136 350 1178 Fessa
370 1138 529 1179 resedit
549 1140 665 1180 humi
683 1155 693 1191 ;
726 1145 964 1195 ventosque
986 1142 1160 1195 accepit
1180 1145 1332 1195 aperto
1614 1142 1671 1183 15

269 1204 478 1255 Pectore3
509 1207 705 1246 turbatas
726 1209 999 1261 restituitque
1019 1222 1183 1249 comas,

205 1328 307 1366 galea.
353 1328 450 1359 Forte
464 1330 527 1368 ipse
541 1329 692 1369 requiras,
705 1330 778 1369 quid
793 1330 835 1360 sit
850 1330 916 1361 vali
931 1340 999 1361 cum
1015 1331 1132 1361 BIarte.
1177 1330 1299 1361 BIensis
1311 1330 1363 1370 qui
1379 1330 1564 1361 describitur
1576 1331 1667 1370 habet

206 1380 312 1401 nomen
329 1380 348 1400 a
363 1374 402 1401 te.
449 1371 518 1410 lpse
542 1372 640 1401 cernis
665 1382 747 1402 soeva
771 1372 849 1402 bella
873 1373 945 1411 geri
971 1373 1110 1402 manibus
1129 1372 1280 1403 Palladis.
1329 1373 1412 1402 Num
1426 1372 1481 1403 illa
1496 1373 1596 1404 minus
1610 1375 1667 1405 dat

206 1422 330 1452 operam
345 1412 463 1443 artibus
479 1411 646 1450 ingenuis!
693 1414 822 1452 Tempus
835 1424 919 1444 sume
933 1415 1112 1444 omittendae
1127 1415 1224 1444 kastoe
1239 1414 1375 1453 exemplo
1391 1415 1532 1445 Palladis
1542 1426 1553 1446 .·
1575 1418 1667 1456 atque

204 1455 340 1494 reperies
353 1456 433 1493 qnod
448 1454 554 1491 facias
569 1455 705 1484 inermis.
753 1456 835 1485 Eras
859 1456 953 1486 etiam
979 1456 1106 1485 inermis
1129 1459 1195 1485 tum
1218 1466 1286 1486 cum
1310 1455 1458 1486 Sacerdos
1483 1456 1622 1488 Romana
1636 1461 1668 1489 te

204 1498 295 1536 cepit,
318 1496 485 1534 utsaceres
498 1496 624 1527 initium
647 1497 775 1535 dignum
799 1496 869 1527 huic
889 1497 977 1528 Urbi.
1022 1497 1085 1527 Ilia
1105 1497 1248 1536 Vestalis,
1275 1499 1424 1537 (namque
1438 1498 1511 1537 quid
1524 1499 1667 1537 prohibet

204 1540 274 1570 inde
288 1539 422 1578 incipere
432 1536 470 1577 ?)
490 1539 614 1579 petebat
641 1549 729 1569 mane
753 1549 847 1579 aquas
872 1541 1029 1570 lavaturas
1053 1549 1153 1570 sacra.
1204 1540 1333 1571 Ventum
1359 1542 1426 1570 erat
1451 1540 1492 1570 ad
1516 1541 1663 1572 declivem

202 1582 305 1621 ripam
319 1584 423 1612 tenero
438 1582 529 1612 calle:
551 1592 629 1612 urna
635 1581 752 1623 fictilis
764 1582 928 1622 deponitur
941 1582 1067 1613 summis
1082 1582 1214 1622 capillis.
1260 1582 1357 1613 Lassa
1378 1582 1495 1612 resedit
1509 1582 1606 1621 humi,
1633 1587 1664 1614 et

203 1623 324 1664 excepit
339 1634 431 1655 auras
445 1624 568 1655 diducto
583 1625 667 1664 sinu,
681 1628 773 1665 atque
788 1626 989 1665 recomposuit
1005 1624 1129 1665 capillos
1144 1625 1296 1663 disjectos.
1340 1625 1427 1656 Dum
1443 1626 1542 1666 sedet,
1558 1626 1666 1658 salices

817 1713 1054 1726 eeeeeeeeeeee

245 1770 261 1797 1
287 1768 367 1800 Jun.
394 1769 470 1809 clyp.
494 1770 678 1810 paulumper
701 1773 807 1801 et.—3
833 1768 930 1800 Alter
945 1770 986 1800 P.
1013 1770 1063 1802 M.
1085 1770 1262 1810 policia—6
1286 1770 1379 1801 Olim
1405 1769 1573 1801 edebatur
1591 1770 1664 1802 Non

201 1810 311 1841 minus.
334 1812 343 1826 ‘
361 1811 517 1851 Languet
531 1812 737 1843 versiculus:
763 1813 858 1852 erigo
875 1822 917 1843 ex
929 1812 1068 1854 antiquo
1084 1818 1201 1844 nostro
1226 1812 1302 1844 eod.
1327 1814 1411 1844 Num
1425 1812 1549 1844 minus?
1574 1813 1665 1844 Nea-

202 1853 334 1892 pol.-—7
359 1853 546 1894 Gottorph.
566 1856 712 1886 Pallados
726 1856 921 1895 exempl—8
944 1855 985 1886 In
1003 1855 1199 1895 quibusdam
1219 1855 1376 1886 cassidis.-
1397 1856 1462 1886 inv.
1490 1856 1572 1886 Mox
1586 1857 1665 1895 quod

202 1904 278 1925 cum
310 1896 527 1936 melioribus3
564 1899 619 1928 alii
660 1898 753 1937 quid.-
787 1898 951 1937 Neapolis
987 1898 1125 1937 legebat
1162 1898 1226 1928 inv.
1261 1898 1368 1937 ecquid
1400 1899 1574 1929 interm—9
1608 1898 1663 1929 Fr.

205 1936 289 1967 Tunc
320 1948 380 1978 pro
411 1940 498 1970 Tum..
546 1940 630 1970 Mox
661 1940 779 1970 Heius.
819 1940 952 1970 emend.
993 1940 1125 1978 Trojana
1158 1941 1362 1970 sacerd—10
1399 1940 1546 1970 Strozzae
1577 1939 1662 1970 liber

200 1981 236 2009 ut
253 1989 312 2019 pro
329 1984 381 2015 et‚·
405 1986 440 2011 et
454 1982 538 2011 dedit
557 1992 618 2021 pro
633 1983 730 2012 dares.
775 1982 818 2011 V.
842 1986 875 2011 et
902 1982 978 2012 Pat.
1001 1982 1125 2011 nomina
1141 1991 1275 2020 magum
1299 1980 1431 2021 plurimi
1455 1981 1557 2011 eliam
1584 1990 1661 2012 cum

199 2021 292 2060 vulg.
316 2032 448 2060 magna:
476 2023 596 2054 Heius.
613 2024 744 2063 recepit
759 2023 856 2063 digna
872 2033 914 2054 ex
932 2023 1044 2054 Ursin.
1067 2028 1103 2054 et
1119 2023 1285 2053 Pat.—11
1311 2023 1379 2053 Alii
1396 2023 1504 2063 Sylvia
1524 2023 1560 2054 V.
1597 2023 1660 2055 Be.

200 2063 304 2093 etiam
321 2069 356 2094 et
369 2066 519 2095 nonnulli
546 2066 602 2096 alii
627 2066 697 2105 quis
724 2075 783 2105 pro
810 2066 982 2106 quid—13
1007 2064 1075 2095 Alii
1093 2066 1209 2096 mollem
1223 2066 1358 2102 declivi;
1381 2072 1417 2096 et
1435 2065 1494 2096 Be.
1521 2066 1660 2096 dcclii-o:

198 2113 283 2135 unus
311 2105 349 2136 F.
377 2107 479 2137 etiam
510 2108 593 2138 molli
622 2109 867 2140 declivam.--l5
892 2108 992 2138 Humi
1015 2108 1187 2147 meliores,
1212 2112 1301 2139 teste
1328 2108 1449 2139 Heins.
1475 2108 1530 2139 alii
1557 2108 1659 2139 humo.

860 2213 1000 2246 NOTAE

243 2287 260 2314 5
288 2284 357 2324 Ipse
386 2286 486 2326 vides]
519 2286 574 2318 Ab
607 2289 762 2328 exemplo
789 2289 901 2328 arguit
954 2289 1157 2319 Vestalium.

198 2333 359 2375 Palladis,
376 2346 451 2376 quae
469 2339 601 2368 tametsi
620 2337 693 2368 fera
712 2339 800 2368 bella
815 2344 901 2369 trac·
996 2338 1116 2378 Aquas]
1140 2338 1192 2368 Ex
1207 2336 1303 2368 fonte
1330 2336 1477 2368 fluminis
1505 2336 1657 2377 Numici,

199 2388 263 2422 tet,
276 2393 340 2414 nou
354 2385 548 2417 ideouiinus
560 2388 781 2427 pacisstudiis
798 2388 900 2419 favet.
953 2389 1008 2428 qui
1025 2389 1103 2419 olim
1134 2388 1253 2428 iugens
1280 2387 1356 2427 fuit,
1386 2391 1464 2428 post
1491 2387 1657 2427 paulatim

241 2438 261 2465 9
282 2435 446 2477 Sacerdos]
472 2439 575 2475 Rhea,
589 2449 648 2470 seu
663 2439 738 2478 Ilia,
752 2445 809 2471 aut
827 2440 898 2480 Syl·
953 2438 1155 2469 decrescens
1183 2438 1217 2468 in
1244 2436 1373 2468 fontem
1399 2436 1571 2473 redactus,
1599 2435 1656 2476 qui

197 2483 262 2523 via,
278 2485 426 2515 Vestalis
443 2497 450 2521 ς
476 2487 518 2516 de
535 2498 601 2527 qua
617 2488 705 2518 libro
719 2489 896 2528 superiori.
951 2491 987 2518 et
1003 2488 1075 2527 ipse
1102 2487 1251 2517 siccatus
1269 2492 1334 2524 est,
1358 2487 1462 2516 sacris
1484 2485 1655 2525 intercep-

241 2536 282 2563 10
307 2534 414 2574 Cepit]
433 2535 557 2566 Amore
568 2538 640 2576 ejus
657 2544 834 2577 correptus
851 2548 897 2570 es,
953 2542 1017 2568 tus.
1064 2537 1180 2566 Vesta:
1197 2537 1286 2566 enim
1314 2535 1420 2566 libare
1449 2543 1514 2564 non
1532 2534 1594 2564 nisi
1611 2534 1653 2565 de

240 2583 382 2624 Semina]
407 2586 596 2623 Romulum,
610 2588 683 2617 scil.
696 2594 729 2617 et
744 2589 897 2627 Remum,
951 2588 1013 2618 hoc
1040 2586 1134 2618 fonte
1152 2586 1278 2616 licebat
1295 2596 1302 2616 :
1328 2590 1365 2616 ut
1392 2585 1495 2616 docet
1517 2584 1652 2616 Servius

198 2643 217 2665 a
233 2633 354 2675 quibus
384 2636 584 2676 principium
601 2637 697 2668 duxit
714 2638 804 2669 Urbs
831 2639 894 2668 Ro·
951 2639 992 2669 ad
1010 2638 1067 2668 illa
1093 2637 1168 2667 AEu.
1186 2645 1247 2667 vu.
1270 2636 1279 2652 ‘
1293 2635 1409 2667 Fontis
1435 2639 1556 2676 stagna
1584 2636 1653 2667 Nu-

200 2695 266 2718 ma.
952 2688 1051 2719 inici!

241 2738 277 2767 ll
304 2735 380 2766 Inde
396 2736 528 2777 moveri]
551 2736 642 2769 Hinc
657 2737 819 2778 incipere.
996 2740 1035 2769 13
1060 2737 1169 2778 Molli]
1193 2735 1282 2770 Quia
1296 2735 1469 2768 herbosus.

240 2787 281 2818 12
306 2785 454 2829 Petebat]
492 2787 545 2819 Ex
571 2796 664 2819 more
698 2787 898 2829 quotidiano
