1773 3121
193 239 307 282 1926
674 252 715 281 P.
747 251 905 282 ovln11
937 250 1149 282 NAsoms

194 343 391 397 Cingitur
411 344 576 386 interea
597 343 814 387 Romanis
835 345 984 388 Ardea
1005 345 1156 399 signis,

250 411 307 452 Et
326 412 486 465 patitur
504 411 653 462 lentas,
665 413 895 455 obsidione
915 426 1071 455 moraS.

193 478 310 520 Dum
330 482 474 527 vacat,
495 482 536 519 et
553 482 750 522 metuunt
768 480 916 522 hostes
937 479 1204 522 committere
1224 491 1428 533 pugnam,

249 545 431 585 Luditur
451 545 495 585 in
517 546 693 588 castris:
726 548 815 589 otia
835 547 962 590 miles
983 548 1084 601 agit.

192 610 457 664 Tarquinius
473 613 647 666 juvenis
666 615 811 656 socios
833 616 1109 669 dapibusque
1129 626 1334 669 meroque

249 676 442 732 Accipit,
465 684 598 733 atque
618 681 705 723 illis
726 682 848 735 Rege
868 687 1040 724 creatus
1061 683 1146 723 ait:

199 744 312 784 Dum
332 758 415 786 nos
434 745 621 787 difficilis
641 749 763 802 pigTo
785 752 899 789 tenet
917 748 1065 790 Ardea
1084 748 1211 797 bello,

251 811 351 851 Nec
373 812 479 852 sinit
499 812 553 852 ad
574 815 741 866 patrios
760 827 878 854 arma
900 815 1056 855 referre
1079 815 1228 865 Deos;

192 875 367 930 Ecquid
388 878 433 917 in
454 877 599 918 officio
621 883 738 919 torus
759 883 827 920 est
846 879 1057 919 socialis?
1089 883 1130 919 et
1149 879 1307 931 ecquid

251 941 525 997 Conjngibus
546 945 710 985 nostris
731 950 884 986 mutua
905 957 1014 985 cura
1032 957 1182 985 sumus
1195 945 1215 985 ’ἰ

196 1006 396 1063 Quisque
417 1023 542 1052 suam
562 1012 756 1054 laudant.
816 1012 983 1053 Studiis
1002 1011 1238 1053 certamina
1254 1012 1477 1063 cresclmt3

250 1075 310 1117 Et
330 1077 494 1119 fervent
511 1079 648 1121 multo
668 1079 901 1134 linguaque
920 1092 1081 1134 corque
1102 1091 1239 1121 mero.

1549 611 1636 654 725

1552 944 1638 985 ’730

192 1198 286 1232 trem,
301 1197 436 1227 creditus
450 1197 592 1228 cecidisse
603 1199 679 1237 pede
699 1199 797 1229 alliso.
842 1199 965 1229 Interea
989 1197 1095 1228 Ardea
1119 1196 1261 1235 cingitur
1284 1195 1383 1234 signis
1413 1194 1587 1231 Romanam
1607 1196 1640 1226 et

186 1237 257 1275 fert
272 1239 363 1277 longa
380 1242 514 1278 tempora
536 1239 711 1270 obsidionis.
757 1241 843 1270 Dum
858 1241 941 1278 licet,
956 1243 1045 1279 atque
1060 1240 1160 1269 hostes
1175 1239 1286 1269 timent
1300 1237 1457 1276 congredi,
1471 1237 1590 1268 luditur
1605 1237 1640 1267 in

193 1280 304 1310 castris
316 1291 327 1316 ;
353 1281 439 1311 miles
467 1281 596 1312 otiatur.
643 1281 829 1321 Tarquinius
857 1282 969 1322 accipit
997 1281 1094 1321 epulis
1121 1284 1152 1311 et
1178 1280 1248 1311 vino
1278 1281 1395 1310 sodales
1427 1279 1639 1310 adolescentes.

195 1322 272 1352 Post
284 1322 356 1353 illas
359 1323 450 1364 filius
466 1323 563 1362 Regis
577 1323 674 1354 dicit:
698 1325 785 1355 Dum
802 1324 903 1361 fortis
924 1324 1029 1355 Ardea
1051 1326 1190 1354 moratur
1212 1331 1266 1353 nos
1280 1323 1360 1352 lento
1375 1320 1462 1358 bello,
1477 1330 1572 1360 neque
1583 1330 1640 1361 pu-

193 1364 274 1395 titur
287 1369 445 1405 reportare
458 1375 544 1395 arma
559 1367 598 1395 acl
613 1366 697 1396 Deos
708 1366 848 1405 patrios;
868 1376 946 1397 anne
958 1367 1054 1397 lectus
1073 1365 1243 1404 conjugalis
1258 1367 1360 1394 manet
1373 1363 1406 1394 in
1421 1362 1537 1404 officio?
1560 1372 1640 1393 anne

195 1410 224 1437 et
241 1416 343 1438 sumus
357 1417 431 1437 cura
447 1410 552 1437 mutua
567 1407 683 1438 nostris
696 1407 869 1439 uxoribus?
912 1408 1036 1446 Singuli
1065 1407 1200 1447 efferunt
1227 1416 1313 1436 suam
1339 1406 1497 1436 laudibus:
1520 1407 1642 1437 conten-

195 1449 292 1480 tiones
303 1451 457 1487 augentur
471 1448 583 1479 studiis
594 1459 606 1485 ;
628 1452 659 1479 et
684 1449 791 1488 lingua
805 1453 897 1489 atque
911 1459 962 1479 cor
976 1449 1163 1480 incalescunt
1178 1448 1274 1479 multo
1291 1448 1369 1478 vino.
1417 1447 1465 1488 Is,
1479 1447 1529 1478 cui
1542 1447 1641 1478 Colla-

799 1530 1033 1542 ”O‘mONOO

194 1586 255 1615 721
279 1584 432 1615 Venuste
449 1583 483 1614 in
498 1593 564 1615 uno
579 1583 675 1615 Med.
691 1584 818 1624 legitur
834 1584 959 1615 Interea
973 1584 1059 1624 cingi
1076 1585 1117 1616 R.
1144 1584 1203 1615 sed
1229 1587 1312 1616 tunc
1337 1583 1370 1614 in
1394 1593 1442 1614 vs.
1465 1592 1535 1624 seq.
1562 1583 1641 1624 lege

195 1627 327 1666 Jamque
347 1627 428 1666 pati.
456 1626 681 1657 Heius—722
703 1626 818 1657 Lentus
840 1626 960 1658 Heins.
985 1627 1082 1658 dedit
1097 1636 1140 1658 ex
1167 1627 1255 1658 Maz.
1271 1626 1402 1657 Zulich.
1415 1627 1514 1657 Voss.
1531 1629 1566 1657 et
1581 1635 1641 1657 sex

195 1668 269 1699 aliis
286 1678 346 1708 pro
363 1669 452 1708 vulg.
468 1669 644 1707 longas—7
649 1671 688 1699 23
713 1668 780 1699 Alii
794 1669 872 1699 host.
888 1670 1031 1700 omittere
1042 1679 1138 1710 pugn.
1155 1673 1190 1700 et
1213 1669 1294 1699 Pet.
1310 1678 1349 1700 ac
1366 1669 1530 1708 Excerpt.
1543 1668 1642 1700 Voss.

194 1714 395 1742 contemnere.
443 1711 482 1742 P.
497 1716 531 1742 et
547 1711 613 1741 duo
631 1711 687 1742 alii
703 1712 883 1742 contendere
894 1714 1117 1751 pugna—724
1138 1711 1224 1742 Laeti
1241 1711 1324 1743 Cod.
1360 1711 1511 1742 Conditus
1525 1711 1557 1742 in
1571 1720 1597 1742 c.
1612 1720 1642 1741 o.

194 1762 238 1783 m.
253 1753 363 1784 habet.-
386 1754 424 1784 F.
449 1754 550 1784 etiam
578 1754 842 1785 Conditus—725
867 1754 973 1794 Lege,
991 1753 1121 1792 juvenes
1133 1754 1248 1785 socios.-
1283 1754 1337 1793 agi
1355 1753 1444 1784 enim
1471 1753 1513 1784 de
1540 1758 1642 1793 patre

195 1795 389 1836 Tarquinio,
406 1805 471 1827 non
487 1795 568 1835 filio,
589 1806 663 1836 quae
688 1800 874 1837 sequuntur
899 1796 1071 1835 evincunt,
1086 1796 1203 1828 exiliis
1223 1805 1297 1835 rege
1309 1799 1430 1827 creatus
1440 1795 1498 1827 ait.
1522 1795 1643 1826 Heius.

193 1837 232 1869 Si
255 1847 436 1878 sequamur
461 1838 652 1875 Heinsium‚
669 1838 805 1870 videtur
821 1838 904 1869 alius
928 1849 1001 1870 esse
1016 1839 1234 1880 Tarquinium,
1249 1848 1372 1879 nempe
1388 1843 1500 1878 pater,
1515 1837 1572 1879 qui
1588 1846 1644 1868 ex-

196 1879 448 1920 cipitjuvenes,
464 1886 499 1911 et
515 1881 611 1919 alius,
626 1881 681 1921 qui
699 1891 777 1921 rege
790 1886 922 1912 creatus
936 1886 1001 1921 est,
1012 1882 1155 1922 quierat
1170 1881 1433 1921 intel-juvenes:
1457 1880 1518 1911 sed
1532 1889 1641 1910 sermo

195 1928 364 1962 praesente
382 1929 477 1963 patre
504 1932 569 1953 non
592 1923 727 1954 videtur
741 1923 887 1954 habitus.
932 1924 1046 1956 Quare
1073 1924 1226 1963 antiquas
1249 1922 1416 1953 editiones
1441 1926 1477 1953 et
1493 1921 1641 1961 scriptos

195 1963 331 1995 codices
347 1970 382 1996 et
398 1966 583 1996 Fanensem
598 1966 706 1995 secuti
721 1965 1020 2005 legimus‚juvenis,
1036 1969 1071 1995 et
1086 1964 1240 2005 sequenti
1255 1973 1355 1994 versu
1371 1973 1447 1994 cum
1462 1972 1521 1994 sex
1537 1963 1643 2004 scrip-

196 2005 251 2045 tis,
264 2009 356 2045 atque
372 2007 435 2037 illis
448 2017 520 2046 rege
534 2010 656 2037 creatus
669 2007 716 2037 ait
727 2017 739 2043 ;
762 2008 809 2037 ita
830 2007 941 2037 omnia
957 2012 1036 2047 apte
1050 2006 1279 2037 cohaerebunt.
1324 2005 1449 2045 Inepte
1465 2005 1641 2045 Crispinus

196 2056 237 2078 ex
251 2047 316 2078 illis
329 2049 484 2088 exponit,
501 2054 576 2088 post
592 2058 733 2080 coenam.
750 2049 970 2080 Banu—⁷27
992 2049 1143 2090 Difficilis
1159 2048 1277 2079 Heius.
1295 2048 1437 2088 protulit
1453 2056 1495 2078 ex
1510 2047 1644 2080 Arund.

195 2089 294 2120 Voss.
308 2090 438 2121 Zulich.
461 2091 549 2121 Maz.
567 2090 666 2130 Laeti,
679 2096 783 2131 atque
801 2091 875 2122 aliis
890 2091 1119 2131 compluribus
1135 2100 1197 2130 pro
1213 2091 1305 2130 vulg.
1324 2090 1579 2121 solicitos.—729
1600 2090 1643 2122 P.

196 2130 277 2172 Ecq.
296 2131 446 2173 inoffenso
469 2135 637 2164 ton-731
660 2132 805 2164 Laudant
826 2143 868 2164 ex
890 2133 1073 2174 Gottorpb.
1095 2133 1151 2164 alii
1175 2134 1402 2165 caudam-732
1435 2132 1572 2164 Fervent
1598 2140 1642 2164 ex

850 2222 883 2256 N
889 2223 990 2256 OTAE

237 2294 300 2323 721
329 2291 493 2332 Cingitur]
538 2292 590 2323 Ex
618 2291 687 2325 fide
711 2290 892 2324 Annalium

196 2341 301 2374 istud.

239 2392 361 2433 Ardea]
382 2392 471 2424 Urbs
488 2393 701 2434 Rutulorum,
715 2393 820 2425 Turni
842 2403 893 2426 re-

197 2441 252 2483 gia
267 2442 299 2472 in
317 2442 426 2474 Latio.

240 2494 303 2523 722
326 2492 473 2533 Patitur]
510 2493 631 2532 Immo,
663 2494 807 2526 durante
835 2495 892 2526 diu

197 2540 384 2579 obsidione,
400 2547 433 2572 et
455 2543 553 2581 longe
575 2544 679 2583 magis
706 2555 805 2584 quam
822 2546 892 2576 acri

197 2589 302 2629 bello,
315 2595 353 2621 ut
386 2592 532 2631 loquitur
561 2593 685 2630 Livius,
705 2598 740 2624 et
767 2595 891 2625 milites

198 2641 257 2682 qui
279 2641 312 2671 in
339 2642 458 2672 castris
482 2646 591 2681 erant,
618 2643 725 2683 etqui
749 2644 782 2673 in
798 2643 892 2674 Urbe

198 2691 301 2730 cives,
316 2690 455 2722 tributis
471 2690 566 2731 fessi,
587 2692 667 2724 belli
693 2692 894 2724 diuturnita-

199 2745 271 2773 tem
298 2741 474 2783 aegerrime
497 2739 666 2784 ferebant,
680 2742 707 2775 si
730 2742 894 2786 Dionysio

198 2791 298 2825 fides.

987 2296 1050 2325 725
1076 2292 1275 2335 Tarquinius]
1297 2293 1434 2333 Sextus,
1454 2292 1526 2325 scil.
1543 2295 1582 2324 ut
1597 2301 1643 2324 ex

946 2343 1164 2385 sequentibus
1193 2344 1340 2385 patebit,
1374 2353 1450 2375 cum
1484 2343 1642 2375 audendo

947 2394 1073 2426 Gabios
1089 2395 1221 2435 cepisse
1230 2394 1394 2435 jactabit.
1418 2394 1538 2434 Neque
1551 2392 1642 2425 enim

946 2444 1150 2475 audiendum
1178 2444 1242 2474 hoc
1273 2443 1308 2474 in
1334 2444 1409 2474 loco
1437 2441 1642 2474 crediderim

945 2495 1071 2525 clariss.
1091 2493 1278 2524 Heinsium.

986 2547 1049 2575 726
1061 2544 1163 2584 Atque
1173 2542 1250 2582 illis]
1262 2542 1330 2574 Alii
1344 2541 1470 2581 exulis,
1480 2540 1501 2574 i.
1511 2550 1543 2572 e.
1558 2539 1643 2573 ada-

945 2594 1065 2635 pibus:
1090 2599 1165 2633 post
1191 2602 1330 2624 coenam.
1374 2593 1529 2634 Namque
1543 2591 1644 2624 aliter

946 2644 1002 2674 vix
1019 2648 1109 2674 totus
1122 2643 1174 2672 hi(-
1191 2643 1282 2673 locus
1298 2642 1385 2673 bene
1400 2641 1577 2673 consistat.

991 2693 1077 2731 Rege
1090 2693 1226 2732 creatus]
1250 2693 1344 2724 Idem
1356 2693 1490 2724 Sextus.

990 2745 1052 2774 727
1075 2742 1237 2784 Dzfficz'lis]
1258 2742 1347 2776 Quia
1359 2746 1500 2775 strenue
1520 2750 1643 2785 repug-

947 2792 1075 2825 nabant
1089 2791 1269 2825 Ardeates.
