1773 3121
248 196 362 239 1760
740 206 782 236 P.
814 204 971 236 ovmn
1004 202 1217 235 NAsoms

250 299 458 351 Vinaque
478 299 552 340 dat
572 299 760 352 pateris3
792 303 1165 350 mactatarumque
1185 298 1429 348 bidentum,
1611 296 1697 338 575

252 365 371 415 Quid
392 367 475 406 sibi
497 367 754 417 significent,
781 366 1039 418 trepidantia
1060 365 1245 405 consulit
1266 369 1386 405 exta.

252 431 365 482 Quae
388 432 516 471 simul
538 432 729 484 inspexit
747 431 980 485 Tyrrhenae
1008 431 1146 483 gentis
1169 432 1400 483 haruspex,

251 498 421 549 Magna
442 498 619 550 quidem
642 510 776 538 rerum
798 498 1020 538 molimina
1043 497 1147 536 vidit
1168 497 1211 537 in
1231 498 1332 545 illis,

251 563 355 604 Non
372 564 598 604 manifesta
618 568 778 605 tamen.
840 563 949 604 Cum
970 576 1072 603 vero
1096 563 1271 603 sustulit
1292 574 1393 603 acre

250 629 294 670 A
313 631 524 683 pecudum
544 631 664 670 fibris
681 631 735 671 ad
759 631 858 684 Cipi
879 644 1039 671 cornua
1059 631 1201 670 lumen
1218 643 1229 681 ;
1615 626 1699 669 580

251 696 368 746 Rex,
391 698 466 745 ait,
489 710 515 737 o
539 697 689 737 salve:
721 698 801 737 tibi
823 697 951 747 enim,
974 697 1069 746 tibi,
1094 696 1219 750 Cipe,
1240 696 1414 749 tuisque

252 762 343 804 Hic
363 763 506 812 locus,
528 768 571 803 et
593 764 732 803 Latiae
754 764 968 815 parebunt
986 763 1191 803 cornibus
1212 775 1347 803 arces.

249 829 320 870 Tu
339 831 472 869 modo
495 843 643 882 rumpe
664 842 829 868 moram
847 842 856 868 ε
887 833 1128 881 portasque
1154 829 1307 868 intrare
1327 832 1527 881 patentes

250 894 542 949 Appropera:
574 897 639 934 sic
660 895 753 935 fata
767 895 940 947 jubent.
1000 895 1207 947 Namque
1230 895 1350 935 Urbe
1370 900 1574 948 receptus

252 961 353 1002 Rex
374 963 477 1008 eris,
499 966 540 1002 et
562 966 737 1013 sceptro
758 965 876 1000 tutus
896 961 1060 1012 potiere
1080 960 1276 1012 perenni.
1617 959 1701 1001 585

252 1027 421 1069 Retulit
441 1029 514 1068 ille
536 1028 717 1081 pedem3
750 1031 1006 1078 torvamque
1029 1039 1054 1066 a
1075 1026 1292 1066 moenibus
1313 1024 1447 1066 Urbis

250 1094 465 1136 Avertens
485 1095 660 1143 faciem,
683 1094 857 1144 Procul,
880 1093 934 1134 ah
955 1094 1110 1146 procul
1128 1094 1289 1143 omina,
1312 1093 1441 1143 dixit,

251 1161 381 1202 Talia
403 1161 462 1201 Di
484 1161 677 1214 pellant:
709 1161 928 1213 multoque
948 1173 1029 1212 ego
1043 1159 1210 1213 justius
1232 1173 1378 1202 aevum

252 1228 370 1269 Exul
391 1240 530 1281 agam,
553 1241 685 1281 quam
704 1241 772 1268 me
790 1228 967 1269 videant
988 1226 1209 1280 Capitolia
1226 1240 1387 1280 regem.

252 1376 313 1407 sibi
325 1378 520 1417 portendant.
555 1378 633 1413 Quae
647 1378 754 1409 statim
769 1382 861 1419 atque
875 1388 1007 1418 aruspex
1019 1376 1143 1416 generis
1159 1376 1288 1408 Etrusci
1310 1376 1459 1416 inspexit,
1483 1375 1562 1407 vidit
1581 1376 1703 1416 quidem

251 1429 365 1457 magna
380 1420 535 1450 molimina
550 1422 582 1451 in
597 1422 671 1459 illis,
684 1431 742 1452 non
759 1424 860 1452 tamen
875 1425 982 1460 aperta
992 1431 1004 1457 ;
1027 1430 1094 1450 cum
1117 1429 1186 1449 vero
1211 1419 1337 1449 sustulit
1358 1419 1547 1458 perspicaces
1568 1420 1669 1450 oculos
1682 1429 1702 1450 a

242 1461 341 1500 fibris
355 1462 420 1491 ovis
442 1463 482 1492 ad
497 1472 609 1493 cornua
633 1464 717 1502 Cipi,
737 1464 765 1493 Ο
779 1473 849 1503 rex,
872 1464 985 1502 iuquit,
1009 1463 1091 1492 salve
1103 1471 1114 1497 ;
1141 1461 1199 1491 tibi
1215 1470 1343 1500 namque
1358 1464 1387 1491 et
1403 1461 1466 1491 tuis
1490 1460 1630 1491 cornibus
1653 1461 1702 1491 hic

252 1504 334 1533 locus
348 1507 378 1534 et
393 1514 478 1534 arces
494 1505 616 1535 Latinoe
630 1506 841 1545 obsequentur.
889 1506 934 1536 Tu
960 1508 1082 1536 tantum
1104 1504 1181 1543 pelle
1211 1513 1325 1542 moras,
1350 1506 1441 1543 atque
1456 1502 1578 1541 festina
1598 1503 1702 1534 subire

248 1548 358 1583 portas
370 1549 514 1585 apertas.-
538 1548 584 1577 ita
591 1547 803 1585 fataferunt:
827 1558 954 1587 namque
968 1548 1041 1578 urbe
1052 1547 1173 1586 potitus
1199 1546 1260 1576 eris
1279 1556 1348 1584 rex,
1368 1549 1397 1576 et
1412 1555 1536 1576 securus
1551 1545 1702 1576 tractabis

251 1590 404 1626 sceptrum
427 1591 586 1620 aeternum.
632 1590 691 1620 Ille
704 1590 851 1627 repressit
865 1591 997 1628 gradum
1010 1600 1022 1626 ‚0
1043 1592 1133 1628 atque
1149 1589 1330 1627 detorquens
1344 1588 1446 1618 vultus
1459 1597 1555 1617 saevos
1570 1597 1589 1618 a
1604 1587 1703 1619 mutis

257 1629 360 1667 Urbis,
385 1629 503 1669 Longe,
527 1631 567 1661 ah
584 1632 684 1670 longe,
709 1632 821 1670 inquit,
843 1632 904 1661 Dii
923 1634 1064 1661 avertant
1080 1630 1225 1668 ejusmodi
1238 1631 1415 1670 praesagia:
1436 1634 1528 1670 atque
1553 1629 1703 1670 profugus

252 1670 378 1710 exigam
393 1675 516 1703 aetatem
541 1674 634 1704 multo
648 1674 773 1713 aequius,
789 1683 880 1713 quam
898 1673 1055 1713 Capitolia
1069 1672 1219 1713 aspiciant
1234 1682 1281 1703 me
1303 1682 1416 1711 regem.
1460 1673 1569 1713 Dixit,
1583 1675 1614 1703 et
1633 1682 1703 1703 con·

861 1764 1093 1777 “evocate-teo

249 1829 361 1869 populo
374 1829 613 1864 Quiriti.——576
628 1830 724 1862 Leid.
744 1832 821 1866 Quoe
835 1831 966 1871 [Burm.
983 1831 1068 1871 conj.
1086 1841 1145 1872 pro
1164 1831 1264 1871 Quid]
1285 1831 1345 1863 sibi
1357 1831 1446 1871 signa
1453 1831 1566 1870 ferant
1579 1834 1703 1871 trepe-

253 1873 315 1902 577
342 1872 483 1911 Inspexit
511 1873 628 1904 Heins.
654 1875 788 1913 reponit
814 1883 889 1904 cum
917 1882 966 1912 pr.
994 1874 1121 1904 Bonon.
1147 1884 1209 1913 pro
1235 1875 1325 1914 vulg.
1341 1875 1582 1913 aspexit.—579
1603 1874 1701 1905 Unus

253 1912 344 1944 Mor.
363 1924 462 1944 acrem
474 1925 487 1951 ;
509 1919 544 1944 et
568 1925 616 1945 vs.
637 1924 707 1954 seq.
723 1916 839 1945 vultum
856 1924 918 1954 pro
944 1915 1054 1945 lumen.
1078 1916 1173 1946 Unus
1191 1915 1311 1946 Heius.
1327 1917 1435 1946 sustul.
1452 1926 1578 1954 augum
1601 1915 1700 1947 Leid.

254 1959 291 1984 ct
306 1955 397 1985 Mor.
412 1956 590 1987 alte—580
614 1957 772 1987 Pecuclum
793 1966 835 1987 ex
855 1958 910 1987 Fr.
937 1956 992 1985 alii
1013 1958 1253 1995 pecudis—581
1280 1957 1348 1987 Alii
1363 1957 1423 1988 tibi
1438 1958 1518 1988 enim
1532 1958 1601 1995 jam
1619 1958 1701 1988 C.—

252 1999 317 2027 582
341 1997 401 2027 Pr.
418 1999 545 2027 Bonon.
560 1999 598 2028 L.
615 1998 766 2029 debebunt
785 2008 866 2029 corn.
885 1998 943 2028 sed
961 2003 1029 2028 tum
1045 1999 1224 2039 legendum
1240 2000 1355 2030 Bnrm.
1372 2005 1490 2030 censet
1502 2000 1560 2030 tibi
1574 1999 1655 2030 enim
1669 2009 1702 2031 se

257 2039 403 2068 C.—583
429 2039 553 2069 Moram
571 2040 688 2071 Heius.
703 2041 797 2071 dedit
810 2050 851 2071 ex
862 2040 990 2071 Tliuan.
1009 2042 1098 2081 quod
1115 2045 1149 2072 et
1161 2041 1287 2072 habent
1302 2051 1360 2072 sex
1376 2042 1431 2072 alii
1448 2053 1456 2079 ;
1481 2043 1568 2083 vulg.
1583 2052 1701 2073 moras:

253 2079 412 2111 Menard.
430 2081 514 2111 Cod.
527 2081 711 2112 viam—584
725 2083 781 2112 Ha
792 2092 924 2122 propera
936 2088 988 2113 est
1004 2083 1036 2112 in
1053 2088 1130 2114 octo
1146 2083 1340 2114 codicibus:
1365 2093 1532 2126 appropera
1556 2085 1590 2115 in
1613 2094 1698 2115 uno:

253 2124 287 2151 at
302 2131 432 2162 propera
449 2122 481 2152 in
506 2123 590 2154 alio:
617 2127 659 2161 et,
683 2129 718 2155 et
732 2135 767 2154 ac
781 2134 912 2165 propera
927 2126 959 2155 in
978 2125 1168 2157 aliis.-585
1193 2127 1314 2157 Potier.
1336 2137 1392 2166 per
1414 2136 1512 2157 aevum
1527 2127 1701 2158 Thuan.—-

253 2166 317 2194 586
330 2164 408 2195 Inde
420 2166 527 2204 pedem
544 2167 610 2196 duo
627 2167 822 2197 libri.—587
840 2169 950 2198 Procul
963 2168 1002 2198 αΙι
1016 2173 1146 2199 veteres
1162 2168 1314 2209 plerique
1326 2179 1334 2207 ;
1347 2170 1443 2200 multi
1460 2181 1476 2201 ο
1487 2180 1498 2206 ;
1509 2169 1604 2201 Leid.
1617 2170 1700 2200 hinc.

253 2208 361 2237 -588
377 2206 454 2238 Duo
472 2208 550 2238 libri
566 2210 663 2239 multo
678 2219 801 2249 quoque.
845 2210 933 2240 Dein
952 2210 1113 2242 Heidelb.
1127 2216 1162 2243 et
1173 2217 1240 2242 tres
1251 2211 1326 2243 libri
1342 2212 1440 2243 tutius
1454 2214 1617 2244 ‹em—589
1629 2212 1699 2243 Pro

904 2318 1047 2350 NOTAE

294 2389 357 2418 575
389 2387 480 2427 Vina]
513 2389 554 2419 In
578 2393 712 2430 pateras
734 2390 813 2422 vina
839 2391 950 2422 fundit
1003 2392 1063 2423 riae
1079 2393 1213 2433 populis
1229 2396 1345 2424 notum
1362 2402 1405 2424 ex
1423 2393 1531 2426 Cicer.
1543 2401 1567 2426 1.
1583 2392 1640 2426 lib.
1655 2392 1699 2425 de

254 2437 427 2468 sacrificiis
441 2438 643 2470 adhibenda.
1003 2443 1237 2473 Divinatione.

295 2489 358 2518 577
387 2487 566 2528 Tyrrlzenoe]
613 2488 755 2521 Nefario
782 2491 949 2522 idolorum
1046 2495 1109 2522 586
1135 2492 1278 2531 Torvam]
1320 2493 1452 2532 Utpote
1475 2503 1573 2524 omen
1597 2496 1699 2534 atque

253 2537 358 2569 cultui
371 2537 602 2569 addictissinia
614 2538 677 2569 fuit
691 2550 729 2570 ea
742 2550 837 2579 gens:
857 2541 948 2571 ideo-
1003 2541 1215 2581 tyrannidem
1233 2543 1429 2574 aversantis.

254 2596 319 2627 que
334 2596 377 2617 ex
393 2587 529 2618 Etruria
546 2589 645 2619 acciti
667 2590 708 2620 ad
734 2590 949 2621 lustrationes
1045 2595 1109 2623 589
1133 2592 1307 2631 Capitolia]
1335 2592 1375 2622 In
1398 2593 1480 2623 illud
1493 2592 1589 2625 Jovis
1613 2596 1698 2624 tem-

254 2639 290 2667 et
326 2635 480 2676 prodigia
518 2639 727 2678 procuranda
767 2641 949 2680 aruspices·
1002 2643 1093 2682 plum
1110 2652 1209 2673 curru
1225 2642 1471 2683 triumphantes
1482 2643 1698 2674 deduceban-

254 2685 345 2718 Quin
361 2696 403 2717 ex
428 2687 652 2719 Romanorum
667 2690 857 2731 principum
871 2690 949 2722 filiis
1004 2697 1068 2730 tur,
1084 2692 1140 2733 qui
1155 2692 1305 2724 lauream
1320 2702 1413 2724 suam
1429 2693 1506 2724 Deo
1522 2702 1698 2725 consecra-

255 2737 344 2768 tradi
360 2747 419 2769 sex
435 2737 468 2769 in
482 2738 691 2779 disciplinam
703 2740 839 2781 singulis
848 2741 948 2772 Etru·
1002 2747 1091 2774 rent.
