1773 3121
217 235 236 276 1
244 235 331 278 952

701 247 744 277 Ρ.
776 246 935 276 OVIDII
969 245 1181 277 NASONIS

221 341 270 382 Si
289 341 394 382 licet
415 340 616 382 occultos
635 341 822 382 monitus
843 341 991 382 audire
1014 341 1207 382 Deorum

276 406 468 448 Vatibus
486 421 496 458 3
527 412 579 448 ut
599 411 715 449 certe
733 408 850 450 fama
868 409 997 449 licere
1017 411 1169 462 putat3

221 474 333 517 Cum
353 476 415 515 sis
437 474 607 525 officiis,
629 474 838 525 Gradive,
863 476 1062 516 virilibus
1081 480 1212 529 aptus
1230 487 1242 524 3

279 541 367 582 Dic
389 541 510 590 mihi,
533 547 742 583 matronae
763 556 837 583 cur
857 546 931 583 tua
949 542 1060 583 festa
1080 543 1240 583 colant.

474 609 549 649 Sic
569 609 718 662 posita
739 610 849 651 dixit
868 610 972 650 mihi
993 609 1163 650 casside
1187 608 1394 659 Mavors3

222 608 298 650 Sic
319 621 415 661 ego·

1583 539 1666 580 170

279 675 370 716 Sed
391 679 535 716 tamen
554 676 597 716 in
619 676 770 718 dextra
789 677 970 717 missilis
989 676 1120 717 hasta
1138 675 1245 716 fuit:

224 741 356 784 Nunc
376 743 563 796 primum
583 744 738 784 studiis
757 745 896 796 pacis,
920 744 1044 784 Deus
1061 743 1178 783 utilis
1199 742 1346 791 armis,

280 807 519 849 Advocor:
551 812 591 848 et
611 822 786 861 gressus
807 810 850 849 in
868 822 988 849 nova
1008 813 1156 849 castra
1171 808 1280 850 fero.

226 874 326 916 Nec
348 875 470 928 piget
488 875 666 927 incepti.

725 875 864 915 Juvat
884 875 968 914 hac
990 887 1163 926 quoque
1184 880 1312 927 parte
1332 874 1515 917 morari:

1590 874 1675 915 175

283 940 387 981 Hoc
409 940 546 980 solam
567 953 620 980 ne
641 953 687 980 se
707 952 839 992 posse
860 939 1063 981 Minerva
1081 944 1221 993 putet.

227 1008 378 1056 Disce,
402 1007 660 1047 Latinorum
680 1011 804 1048 vates
823 1019 1006 1060 operose
1028 1006 1208 1056 dierum,

242 1092 244 1095 v
286 1073 421 1124 Quod
439 1074 556 1127 petis
574 1087 585 1125 3
617 1078 659 1115 et
679 1074 858 1115 memori
877 1078 1051 1128 pectore
1072 1074 1194 1116 dicta
1212 1077 1328 1116 nota.

229 1230 336 1261 audire
350 1233 467 1261 secreta
481 1231 662 1262 documenta
678 1231 830 1269 Deorum,
857 1235 890 1262 ut
906 1232 1024 1272 quidem
1034 1232 1125 1269 fama
1141 1233 1240 1263 credit
1261 1231 1395 1270 concedi,
1417 1240 1485 1261 cum
1499 1229 1543 1260 sis
1558 1230 1682 1261 idoneus

230 1273 370 1306 uirilibus
385 1273 504 1314 officiis,
533 1274 683 1312 Gradive,
710 1274 759 1304 dic
773 1273 862 1312 mihi,
890 1275 1081 1314 quamobrem
1096 1278 1242 1304 matronoe
1257 1273 1409 1304 celebrent
1424 1277 1478 1303 tua
1485 1271 1583 1309 festa.
1628 1272 1681 1302 Ita

231 1325 287 1354 ego
302 1315 436 1346 locutus
454 1325 524 1346 sum
538 1326 545 1346 ε
572 1316 664 1346 Mars
678 1316 756 1346 mihi
779 1316 824 1345 sic
845 1317 1002 1355 respondit
1025 1317 1113 1346 hasta
1126 1317 1227 1356 positu
1237 1326 1249 1351 ;
1271 1317 1322 1345 sed
1336 1318 1437 1345 tamen
1452 1315 1540 1344 hasta
1556 1313 1683 1343 missilis

224 1357 292 1394 suit
305 1358 337 1388 in
352 1367 462 1388 manu:
487 1358 578 1388 Nunc
591 1358 725 1398 primum
741 1368 803 1397 ego
819 1359 904 1389 Deus
918 1361 1010 1397 aptus
1023 1359 1118 1388 armis
1131 1358 1272 1398 requiror
1287 1358 1326 1388 ad
1341 1357 1444 1387 studia
1457 1355 1553 1396 bocia,
1568 1359 1597 1386 et
1613 1365 1681 1385 con-

230 1400 302 1430 cedo
317 1400 350 1430 in
365 1410 442 1430 nova
457 1403 570 1429 castra.
617 1400 724 1438 Neque
736 1400 884 1439 paenitet.-
905 1401 1006 1439 placet
1028 1401 1122 1430 etiam
1137 1401 1253 1430 hoerere
1274 1400 1307 1429 in
1321 1399 1377 1429 hac
1389 1402 1480 1438 parte
1494 1397 1620 1437 negotii,
1645 1406 1682 1427 ne

233 1442 340 1472 Pallas
351 1442 454 1471 credat
475 1450 507 1471 se
521 1441 616 1471 solam
631 1441 686 1470 hoc
697 1451 794 1480 posse.
838 1442 953 1480 Accipe
977 1443 1055 1480 quod
1075 1443 1188 1481 poscis,
1212 1442 1313 1472 Poe'la
1328 1441 1476 1471 laboriose
1489 1441 1608 1470 dierum
1621 1438 1685 1469 La-

231 1484 367 1514 tinorum
378 1493 390 1520 ;
411 1486 500 1523 atque
512 1482 636 1513 observa
651 1492 725 1513 mea
741 1482 832 1513 rerba
845 1487 944 1513 mente
958 1484 1074 1514 sedula.
1120 1484 1221 1514 Roma
1228 1483 1253 1521 s
1253 1484 1299 1513 uit
1312 1484 1437 1522 exigua,
1450 1483 1479 1513 si
1490 1482 1566 1512 velis
1580 1480 1687 1512 memi-

842 1609 1074 1621 ”eoeeemtoe

237 1685 473 1716 Consummatur
487 1688 585 1716 vetus
602 1689 655 1716 est
671 1684 786 1724 lectio,
811 1693 910 1726 quam
930 1682 1066 1714 reduxit
1086 1684 1203 1714 Bur-m.
1229 1684 1316 1723 vulg.
1339 1683 1516 1724 legebatur
1530 1692 1686 1713 consuma-

235 1730 406 1757 tum—169
430 1727 489 1758 Pr.
507 1728 570 1758 Ed.
585 1729 709 1759 Venet.
727 1733 762 1758 et
778 1728 874 1758 multi
889 1727 1009 1766 scripti
1037 1726 1080 1756 G.
1104 1729 1134 1757 et
1159 1725 1276 1757 viribus
1290 1728 1463 1766 apt—171
1488 1726 1556 1756 Pro
1572 1724 1688 1756 casside

236 1769 356 1800 Heius.
373 1769 510 1810 scripsit
525 1771 647 1811 cuspide
670 1780 712 1801 ex
737 1780 787 1810 pr.
805 1769 848 1801 A.
866 1769 997 1800 Zulich.
1014 1774 1049 1799 et
1067 1769 1160 1799 aliis:
1186 1769 1302 1799 Burni.
1319 1769 1409 1808 vulg.
1428 1768 1543 1799 casside
1559 1768 1687 1808 placet.

236 1814 340 1842 ——173
365 1812 422 1842 Fr.
437 1822 505 1852 pac.
522 1814 605 1843 stud.
629 1813 761 1843 inverso
779 1812 1017 1843 ordiner-174
1042 1811 1199 1843 Qnatuor
1222 1811 1301 1842 libri
1325 1812 1406 1842 Adv.
1428 1819 1565 1850 egressus
1579 1810 1630 1840 in:
1652 1813 1689 1840 et

237 1853 303 1884 duo
318 1863 386 1884 nov.
412 1858 482 1885 rota
491 1854 664 1892 ser.—175
689 1856 843 1896 Uterque
859 1855 949 1885 Maz.
967 1853 1098 1885 Zulich.
1116 1853 1298 1893 Gottorph.
1321 1859 1357 1884 et
1382 1854 1438 1884 alii
1455 1856 1540 1893 part.
1554 1851 1690 1887 mot-ert}

237 1896 333 1927 Voss.
349 1897 570 1928 notari.—176
594 1898 635 1929 In
652 1908 724 1929 voc.
741 1899 837 1929 solam
859 1898 914 1928 Fr.
937 1897 1039 1928 habet
1056 1906 1116 1936 pro
1134 1905 1202 1926 var.
1227 1896 1307 1927 lect.
1330 1896 1546 1927 solum-178
1569 1895 1625 1925 Fr.
1652 1898 1689 1924 et

891 2001 924 2033 N
930 2001 1029 2033 OTAE

238 2082 374 2113 brevius
400 2088 434 2114 et
459 2083 634 2115 obscurius
660 2084 750 2116 dixit
774 2093 850 2115 mox
881 2093 937 2115 ex—

240 2136 356 2170 ponet.

284 2182 343 2211 165
382 2180 463 2220 Hic]
501 2182 609 2215 Quem
649 2182 826 2223 proposuit
862 2185 935 2213 365.

241 2230 391 2270 dierum;
426 2232 541 2263 addito
574 2236 686 2264 tamen
711 2237 830 2274 quarto
856 2242 937 2274 quo-

243 2291 308 2322 que
324 2290 411 2313 anno
427 2282 481 2313 die
498 2283 703 2315 intercalari.

284 2331 448 2372 Lustrum]
487 2333 587 2366 Quod
611 2335 757 2374 spatium
782 2339 834 2365 est
860 2345 938 2376 qua-

242 2386 320 2412 tuor
337 2391 499 2412 annorum
524 2383 696 2422 inclusive,
722 2384 940 2425 autquinque

243 2431 430 2462 exclusive:
457 2433 556 2464 modo
581 2439 619 2465 ut
643 2434 817 2465 brevitatis
839 2444 940 2466 causa

241 2481 292 2511 ita
303 2481 394 2521 loqui
410 2482 522 2514 liceat.

265 2548 272 2555 =
287 2533 348 2562 166
372 2531 536 2572 Partibus]
560 2534 668 2574 Senis,
694 2535 835 2575 scilicet,
849 2536 940 2567 horis

244 2589 408 2620 cujusque
423 2581 514 2611 anni.

291 2634 349 2661 167
374 2631 412 2662 Si
436 2632 524 2672 licet]
556 2633 757 2664 Verecunde
783 2644 802 2665 a
827 2636 941 2666 Marte

247 2680 336 2721 petit
378 2681 483 2720 Naso,
517 2682 730 2723 quamobrem
770 2683 942 2715 Kalendas

247 2731 390 2762 Martias
407 2731 521 2762 colant
535 2736 710 2763 matronae.

293 2784 355 2812 169
381 2781 545 2823 Virilibus]
566 2783 677 2823 Bello,
691 2783 765 2814 scil.

1034 2086 1096 2115 170
1121 2084 1247 2124 Colunt]
1276 2083 1481 2115 Matronalia
1504 2083 1591 2114 enim
1618 2084 1690 2114 Ka-

990 2133 1100 2164 lendis
1124 2134 1259 2165 Martiis
1282 2134 1554 2174 celebrabantur,
1569 2134 1690 2175 quibus

992 2186 1191 2216 munuscula
1207 2186 1351 2216 invicem
1369 2185 1537 2216 missitare
1553 2193 1691 2216 consue-

993 2240 1122 2267 verant.

1036 2289 1096 2316 171
1125 2285 1210 2325 Ego]
1235 2286 1343 2324 Naso,
1357 2286 1429 2317 scil.
1445 2286 1578 2317 locutus
1593 2295 1676 2317 sum.

1037 2339 1098 2367 172
1122 2336 1270 2376 Missilis]
1295 2337 1379 2369 Quae
1395 2337 1495 2377 longe
1511 2336 1600 2367 mitti
1615 2345 1692 2377 pos·

993 2390 1057 2417 set.

1037 2439 1098 2467 174
1139 2435 1283 2475 Gressus]
1322 2435 1376 2466 Ad
1405 2436 1547 2467 Gradivi
1573 2435 1692 2466 alludit

992 2495 1191 2526 cognomen.

1038 2538 1097 2566 175
1137 2534 1225 2573 Huc]
1262 2534 1365 2565 Pacis
1397 2534 1531 2574 studiis,
1555 2539 1592 2565 et
1617 2538 1692 2566 arte

994 2583 1141 2624 poetica.

1039 2637 1101 2664 176
1125 2633 1210 2673 Hoc]
1232 2634 1371 2673 Uteris,
1397 2634 1470 2665 scil.
1497 2644 1545 2673 se,
1574 2633 1693 2674 positis

994 2683 1107 2720 armis,
1123 2684 1326 2715 immiscere.

1042 2736 1102 2764 177
1129 2734 1278 2775 Operose]
1300 2735 1449 2767 Materia
1471 2742 1616 2777 namque
1632 2733 1695 2766 dif-

998 2783 1107 2815 ficilis.
