1773 3121
264 257 378 299 2012
750 267 792 298 P.
824 266 981 297 ovmn
1014 265 1228 297 NASONIS

264 364 500 405 Postumus
520 362 645 403 huic:
676 362 765 416 qui,
786 362 904 416 quod
925 363 1061 417 sylvis
1081 362 1165 404 fuit
1184 364 1301 403 ortus
1321 361 1365 402 in
1387 360 1504 410 altis,

321 430 500 485 Sylvius
521 430 568 471 in
588 429 720 472 Latia
740 434 865 484 gente
886 434 1070 473 vocatus
1089 434 1198 471 erat.

264 498 413 551 Isque,
434 497 605 549 Latine,
627 498 707 540 tibi
725 501 848 552 pater
869 502 958 540 est:
989 499 1108 539 subit
1127 497 1246 538 Alba
1267 495 1470 537 Latinum
1487 506 1497 534 ε

322 564 562 607 Proximus
583 568 647 606 est
665 565 802 606 titulis
821 566 993 619 Epitos,
1015 564 1149 615 Alba,
1171 565 1273 605 tuis.

264 631 347 673 Ille
369 631 489 672 dedit
510 631 654 686 Capyi
672 632 870 674 recidiva
890 633 1112 674 vocabula
1130 631 1276 685 Trojae
1294 644 1305 683 3
1663 628 1719 669 45

319 698 375 739 Et
393 702 493 740 tuus
512 702 578 740 est
597 699 727 750 idem,
752 699 947 753 Calpete,
968 699 1114 740 factus
1137 711 1262 740 avus.

265 764 465 818 Cumque
483 766 617 818 patris
637 779 812 818 regnum
832 769 934 818 post
951 766 1068 806 hunc
1087 766 1320 807 Tiberinus
1339 764 1517 806 haberet
1534 777 1545 816 ;

323 832 499 873 Dicitur
517 833 561 872 in
581 832 771 872 Thuscae
793 832 955 883 gurgite
974 844 1142 873 mersus
1165 846 1310 886 aquae.

264 897 293 939 J
298 911 368 940 am
387 902 535 939 tamen
555 896 786 950 Agrippan
808 897 1014 948 genitum,
1036 897 1360 951 Remulumque
1381 902 1585 953 nepotem

319 964 533 1006 Viderat:
564 965 606 1004 in
628 963 863 1004 Remulum
884 963 1067 1004 fulmina
1086 964 1223 1004 missa
1241 963 1396 1004 ferunt.
1664 966 1720 1007 50

261 1083 392 1122 majores
411 1085 551 1116 Teucros.
597 1085 765 1117 Postumus
777 1085 842 1118 fuit
857 1086 928 1118 huic
938 1085 1025 1117 filius
1040 1096 1049 1125 ;
1072 1087 1136 1127 qui,
1151 1087 1229 1127 quod
1233 1085 1303 1125 fuit
1317 1089 1409 1116 natus
1422 1085 1456 1116 in
1470 1085 1597 1116 excelsis
1611 1083 1720 1125 sylvis,

261 1131 330 1157 erat
343 1129 515 1167 appellatus
528 1128 655 1168 Sylvius
675 1129 710 1159 in
724 1129 848 1160 natione
870 1129 998 1160 Latina.
1044 1130 1133 1170 Isque
1149 1132 1194 1160 est
1209 1129 1269 1159 tibi
1283 1138 1406 1169 parens,
1421 1127 1534 1159 Latine
1547 1137 1559 1165 ‚·
1582 1127 1663 1158 Alba
1675 1137 1722 1158 se-

263 1170 371 1209 quitur
386 1170 539 1201 Latinum
549 1182 559 1201 .·
582 1171 705 1211 Epytus
719 1175 765 1201 est
775 1172 937 1212 proximus
952 1172 1017 1203 tuis
1030 1172 1145 1212 titulis,
1159 1182 1178 1203 o
1193 1171 1286 1203 Alba.
1332 1172 1392 1202 Ille
1402 1171 1488 1202 dedit
1507 1170 1609 1210 Capyi
1622 1170 1724 1200 nomi-

263 1221 303 1241 na
318 1212 452 1252 repetita
480 1213 591 1251 TroJ’ce,
614 1216 706 1252 atque
728 1214 809 1244 idem
833 1218 879 1244 est
897 1214 1006 1249 factus
1033 1218 1102 1244 tuus
1123 1224 1209 1252 avus,
1227 1215 1365 1254 Calpete.
1416 1214 1541 1244 Etcum
1559 1211 1724 1243 Tiberinus

258 1253 412 1285 obtineret
426 1255 592 1294 imperium
606 1256 708 1294 patris
723 1255 761 1285 ab
776 1256 849 1294 islo,
859 1256 976 1286 dicitur
990 1264 1106 1287 mersus
1120 1257 1152 1287 in
1164 1258 1228 1287 alto
1244 1266 1330 1295 aquoe
1348 1256 1486 1286 Thuscae.
1531 1255 1605 1285 Jam
1618 1258 1722 1286 tamen

261 1296 383 1328 viderat
397 1296 561 1338 Agrippan
572 1300 790 1338 natum,atque
804 1298 966 1329 Remulum
977 1302 1132 1339 nepotem:
1156 1299 1245 1330 aiunt
1252 1298 1390 1336 fulmina
1400 1297 1488 1336 jactu
1498 1297 1531 1327 in
1547 1297 1722 1329 Remulum.

873 1381 1108 1394 eeeeeeeeeee

259 1435 335 1474 sylv.
352 1437 396 1464 est
412 1436 504 1463 natus
518 1433 571 1469 z‘n,·
593 1436 738 1473 quatuor
753 1433 823 1471 suit
838 1435 944 1471 altus,·
967 1444 1051 1465 unus
1066 1436 1162 1466 Med.
1178 1435 1247 1472 suit
1262 1439 1370 1472 actus‚·
1392 1446 1443 1476 pr.
1460 1435 1500 1467 A.
1515 1435 1584 1473 fuit
1610 1439 1721 1472 artus,-

264 1477 350 1506 alter
367 1475 408 1505 P.
424 1475 657 1506 nutritus—42
681 1476 721 1507 P.
746 1476 834 1507 alter
858 1475 989 1508 Aruud.
1004 1481 1040 1508 et
1058 1481 1204 1518 quatuor
1221 1477 1278 1508 alii
1293 1488 1312 1508 a
1327 1487 1389 1518 pro
1403 1478 1532 1508 ἑτι-44
1555 1477 1626 1507 Alii
1641 1478 1724 1508 scri-

262 1517 348 1548 bunt
366 1517 494 1557 Epitus,
511 1517 638 1557 Epitor,
655 1518 780 1558 Epicos,
804 1519 858 1549 vel
875 1519 1015 1559 Epytos:
1038 1520 1095 1550 Fr.
1119 1521 1351 1561 Ephitus.—45
1379 1519 1479 1560 Capyi
1495 1519 1628 1551 emend.
1641 1519 1722 1551 Sca-

262 1560 360 1600 liger,
382 1569 457 1590 nam
474 1560 552 1590 olim
568 1560 750 1600 legebatur
772 1564 889 1601 captae:
916 1562 1103 1594 Politianus
1120 1563 1152 1593 in
1170 1572 1228 1594 ora
1244 1563 1326 1594 Cod.
1345 1563 1395 1594 sui
1415 1563 1531 1603 Capys,
1553 1562 1723 1594 incertum

264 1612 306 1633 an
323 1612 366 1633 ex
389 1606 458 1633 vet.
486 1602 593 1634 libro:
619 1613 705 1634 unus
728 1604 770 1635 V.
799 1605 970 1644 Capenam
994 1605 1078 1636 alius
1100 1606 1236 1646 patrioe;
1260 1606 1346 1636 alter
1372 1606 1449 1636 Pet.
1474 1607 1591 1646 coeptae.
1633 1604 1723 1636 Tum

261 1646 401 1676 recidiva
416 1649 467 1676 est
483 1655 525 1676 ex
542 1646 631 1676 Maz.
659 1656 720 1686 pro
738 1647 828 1685 vulg.
852 1647 1086 1687 repetita.-46
1112 1649 1239 1688 Calpete
1264 1653 1316 1679 est
1341 1658 1384 1679 ex
1409 1647 1544 1678 emend.
1576 1647 1723 1688 Neapol.

264 1688 343 1718 olim
375 1687 591 1719 scribebatur
619 1689 830 1729 Capoten—47
865 1690 942 1720 Non
971 1690 1158 1731 respondet
1185 1691 1355 1722 Ovidiano
1385 1690 1489 1721 nitori
1512 1690 1567 1720 hic
1595 1699 1724 1721 versus.

261 1731 357 1761 Vett.
373 1730 525 1771 plerique
541 1731 705 1771 Accipiens
720 1741 850 1770 regumn
863 1735 933 1772 post
948 1732 1026 1764 hunc
1045 1734 1207 1764 Tiberinus
1233 1733 1271 1764 ab
1296 1734 1349 1764 illo
1374 1733 1480 1764 nihilo
1504 1732 1637 1773 melius,
1659 1732 1723 1763 nisi

261 1771 349 1803 sorte
368 1773 458 1813 legas
478 1773 641 1804 Tiberinus
655 1774 780 1804 avitum.
805 1775 926 1806 Heius.
964 1776 1018 1806 Sic
1035 1781 1071 1806 et
1089 1777 1141 1807 Fr.
1166 1785 1243 1807 cum
1268 1777 1408 1817 vulgato
1436 1776 1537 1806 etiam
1561 1784 1623 1816 pro
1648 1784 1721 1806 var.

261 1816 430 1847 lect.—-49
456 1816 605 1846 Geuitum
637 1816 757 1847 Heius.
789 1816 886 1848 dedit
918 1827 959 1848 cx
981 1818 1117 1850 Zulich.
1141 1829 1194 1859 pr.
1221 1818 1263 1850 A.
1295 1823 1331 1850 et
1359 1818 1471 1857 Laeti3
1494 1818 1582 1857 vulg.
1604 1820 1722 1849 uatum.

262 1858 399 1890 Deinde
415 1859 513 1890 multi
531 1863 614 1890 vett.
631 1859 825 1900 Remulumq.
838 1863 978 1901 nepotes:
1004 1861 1157 1893 Gronov.
1173 1862 1217 1893 ad
1233 1862 1307 1893 Liv.
1327 1870 1351 1892 1.
1366 1864 1397 1893 3.
1413 1860 1552 1902 legebat
1563 1859 1722 1901 priorem:

920 1952 1059 1985 NOTAE

305 2018 347 2046 39
384 2016 492 2056 Felix]
529 2017 678 2058 Propter
705 2018 857 2050 Caesares
883 2019 963 2050 inde
1018 2020 1139 2051 Livius.
1272 2019 1436 2050 Eusebius.
1571 2016 1720 2050 ovidius.

263 2069 368 2095 ortos.
1018 2070 1143 2101 AEneas
1254 2070 1375 2100 AEneas
1540 2067 1663 2098 AEneas

305 2115 385 2154 Iuli]
408 2115 475 2146 Qui
491 2116 605 2147 AEneae
621 2116 719 2147 filius.
1018 2119 1185 2149 Ascanius
1258 2118 1427 2149 Ascanius
1541 2117 1704 2149 Ascanius

302 2167 344 2195 40
372 2165 516 2204 Teucros]
537 2166 707 2205 Trojanos.
1019 2168 1151 2207 Sylvius
1253 2168 1386 2208 Sylvius
1537 2168 1671 2209 Sylvius

306 2218 345 2246 41
365 2215 546 2256 Postumus]
562 2216 661 2247 Hunc
674 2216 836 2257 Virgilius
849 2216 963 2247 AEneae
1017 2215 1141 2246 AEneas
1253 2217 1374 2247 AEneas

264 2264 350 2296 facit
361 2264 484 2304 filium;
500 2276 598 2307 quem
615 2266 679 2297 sibi
693 2267 725 2297 in
738 2275 963 2297 successorem
1019 2265 1157 2296 Latinus
1253 2266 1392 2297 Latinus
1538 2267 1680 2299 Latinus

263 2316 460 2347 assumsisse
477 2316 658 2347 Ascanium
683 2317 810 2357 scripto
827 2316 964 2357 reliquit
1017 2314 1106 2346 Alba
1251 2314 1340 2347 Alba
1507 2328 1511 2332 ’
1535 2316 1626 2348 Alba
1655 2348 1658 2351 ,

264 2366 409 2407 Dionys.
425 2366 718 2398 Halicarnasseus.
1017 2364 1093 2396 Atis
1254 2366 1387 2406 Sylvius
1405 2365 1504 2397 Athis
1532 2366 1655 2407 Epitus

305 2419 345 2446 43
372 2418 477 2457 Isque]
501 2417 579 2448 Non
593 2417 698 2458 Sylvii
724 2417 963 2457 Postumi,sed
1018 2415 1128 2455 Capys
1255 2416 1369 2456 Capys
1539 2416 1652 2459 Capys

262 2465 376 2496 AEneae
391 2467 498 2506 Sylvii
530 2477 571 2497 ex
602 2467 661 2498 illo
689 2467 768 2499 orti.
809 2468 962 2498 Latinum
1018 2466 1168 2505 Capetus
1252 2466 1414 2507 Calpetus
1539 2468 1689 2508 Capetus
1720 2499 1722 2502 ,

260 2516 391 2547 faciunt
405 2517 509 2547 filiuni
524 2518 686 2557 Virgilius
701 2519 833 2559 aliique.
848 2519 962 2551 Quare
1017 2516 1197 2547 Tiberinus
1252 2516 1432 2548 Tiberinus
1539 2519 1719 2550 Tiberinus

260 2566 340 2596 hinc
371 2566 515 2606 periisse
543 2567 709 2598 distichon
742 2578 807 2598 non
834 2573 962 2599 temere
1017 2567 1171 2606 Agrippa
1254 2566 1410 2606 Agrippa
1533 2567 1696 2600 Remulus

260 2615 435 2655 conjicias.
481 2617 609 2646 Verum
633 2626 707 2647 cum
732 2618 812 2648 satis
828 2618 961 2649 diversa
1017 2617 1176 2648 Remulus
1251 2616 1413 2646 Remulus
1532 2617 1688 2658 Agrippa

258 2665 302 2695 de
340 2663 548 2695 Albanorum
590 2676 705 2705 regum
747 2668 960 2697 successione
1014 2665 1204 2697 Aventinus
1249 2664 1441 2697 Aventinus
1528 2667 1720 2700 Aventinus

258 2714 400 2745 tradant
415 2719 583 2756 auctores,
599 2725 664 2746 non
686 2716 839 2756 ineptum
856 2716 960 2748 fuerit
1014 2715 1127 2746 Proca
1251 2716 1381 2747 Procas
1534 2716 1647 2748 Proca

258 2764 392 2795 illorum
430 2764 551 2796 seriem
579 2774 621 2795 ex
656 2765 765 2803 Livio,
800 2766 959 2806 Eusebio,
1015 2763 1171 2797 Amulius
1242 2764 1396 2798 Amulius
1541 2766 1714 2800 Numitor.

260 2818 441 2856 nostroque
458 2815 597 2848 Nasone
616 2814 852 2848 transcribere.
