1773 3121
206 235 317 276 1670
697 246 734 276 Ρ.
766 245 923 275 ovmu
957 244 1169 276 NAsoNis

420 477 538 520 FAss.
571 478 662 521 XI.
722 477 929 534 Appulus
949 482 1097 534 pastor
1117 479 1162 520 in
1183 477 1446 519 Oleastrum.

211 578 367 607 DAtNlAE
383 577 528 616 regionis
551 579 661 610 locum
679 579 854 611 arboribus
880 579 1116 611 obumbratum
1135 579 1206 609 Pan
1235 577 1397 608 Mercurii
1418 575 1506 607 filius
1529 573 1661 606 tenuit:

256 639 354 671 ‘luem
378 634 498 670 postea
525 631 693 672 Nymphae
717 634 906 664 coluerunt.
953 633 1026 663 Has
1054 637 1169 672 pastor
1188 630 1341 670 Appulus
1368 638 1442 660 cum
1461 627 1663 668 procacibus

256 683 445 714 maledictis
474 681 662 724 terruisset,
687 696 728 717 ne
757 688 898 727 amplius
925 688 1069 727 liugnam
1096 686 1130 716 in
1147 684 1328 725 propatulo
1343 682 1497 720 haberet,
1530 678 1666 710 numine

258 745 370 766 carum
387 735 420 766 in
437 736 591 767 arborem
604 739 785 769 oleastrum
813 739 983 779 extabuit,
1009 739 1106 779 cujus
1131 737 1260 768 fructus
1289 745 1347 766 suo
1363 741 1515 765 amarore
1538 731 1664 771 linguae

259 788 402 827 pastoris
417 789 637 829 asperitatem
656 790 770 823 refert.

221 872 516 931 lIAcTENUS
537 891 736 933 OEuides.
796 893 994 934 Venulus
1016 894 1265 947 Calydonia
1286 904 1426 944 regna,

221 954 539 1009 Peucetiosque
561 959 694 1008 sinus,
717 959 1038 1013 Messapiaque
1058 974 1162 1001 arva
1182 960 1398 1012 relinquit.

223 1021 272 1060 In
294 1023 453 1073 quibus
475 1028 600 1064 antra
622 1025 761 1066 videt:
793 1039 894 1079 quae
915 1026 1052 1066 multa
1072 1027 1221 1066 nubila
1240 1026 1378 1079 sylva,

224 1086 281 1128 Et
300 1089 468 1129 levibus
489 1091 624 1141 guttis
647 1093 887 1142 manantia,
911 1093 1158 1146 semicaper
1179 1093 1275 1133 Pan

1590 1089 1675 1132 515

269 1205 320 1226 xx.
347 1196 507 1228 Hactenus
524 1199 662 1231 OEnides.
713 1202 847 1233 Venulus
871 1203 985 1233 deserit
1008 1213 1105 1241 regna
1132 1203 1316 1243 Calydonia,
1342 1205 1372 1232 et
1397 1202 1482 1233 sinus
1505 1200 1677 1238 Peucetios,

226 1241 316 1277 alque
330 1248 448 1278 campos
473 1241 665 1281 Messapios:
690 1244 722 1274 in
748 1245 854 1284 quibus
879 1246 977 1276 cernit
1000 1246 1167 1285 speluncas,
1192 1245 1298 1275 multis
1320 1244 1481 1275 arboribus
1505 1253 1624 1284 opacas,
1650 1245 1680 1273 et

228 1279 381 1311 stillantes
396 1282 510 1313 let-’ibus
529 1285 643 1325 guttis,
665 1296 738 1325 quus
765 1288 836 1318 Pan
863 1289 1027 1327 semicaper
1051 1298 1128 1318 nunc
1140 1287 1277 1328 possidet
1289 1298 1301 1324 ‚·
1322 1290 1355 1318 at
1373 1287 1528 1327 Nymphae
1543 1285 1613 1316 olim
1628 1284 1679 1315 ob-

840 1371 1073 1383 eeeeeeeeeeee

229 1418 390 1447 situ—510
414 1418 491 1450 Duo
516 1420 591 1452 libri
618 1424 646 1453 Ι.
673 1426 772 1456 ardua
797 1426 949 1458 D.—513
974 1427 1196 1466 Paucesiosque
1221 1426 1307 1456 sinus
1332 1425 1449 1465 legunt
1474 1423 1537 1454 viri
1565 1422 1680 1454 docti:

232 1457 299 1495 alii,
317 1459 539 1502 Puteolosque:
564 1465 597 1495 in
623 1475 710 1507 meo,
735 1468 968 1509 Plancez'osque:
1002 1470 1034 1500 in
1059 1479 1123 1499 uno
1147 1468 1259 1498 Vatic.
1287 1468 1530 1506 Pleurinosque:
1554 1466 1588 1496 in
1604 1465 1684 1504 alio,

238 1501 442 1541 ptem—osque.-
479 1505 512 1535 in
535 1506 672 1540 Caelest.
705 1509 921 1551 Pleunz'osque.
967 1513 1018 1542 Ex
1044 1516 1112 1542 tam
1138 1520 1260 1549 magna
1282 1510 1446 1540 librorum
1464 1509 1631 1539 varietate
1648 1512 1685 1538 et

232 1543 463 1583 discrepantia
490 1548 635 1586 priorem
662 1551 827 1583 veriorem
848 1559 939 1593 puto.
965 1553 1086 1592 Ciofun.
1148 1554 1269 1584 Nullus
1293 1562 1374 1582 vero
1401 1551 1509 1582 codex
1533 1551 1622 1580 inter
1649 1558 1686 1579 se

234 1587 416 1625 consentit,
431 1588 490 1618 sed
507 1599 622 1621 omnes
636 1592 708 1623 fere
726 1594 858 1626 diversa
875 1596 1056 1627 lectionum
1078 1600 1229 1626 monstra
1245 1595 1422 1624 exhibent:
1451 1593 1508 1623 sed
1528 1591 1688 1640 Peucetfos

235 1630 365 1657 rectum
382 1637 456 1659 esse
474 1636 616 1672 constat,
633 1635 713 1673 quia
730 1636 925 1676 Iapygibus,
940 1638 1097 1675 Dauniis,
1116 1637 1296 1675 Messapiis
1313 1637 1417 1666 etiam
1438 1634 1594 1665 Peucetii
1609 1643 1688 1664 mis-

236 1672 367 1708 centur,
382 1675 420 1701 ut
444 1671 597 1711 ejusdem
625 1676 786 1715 originis:
814 1688 890 1708 nam
916 1680 1083 1719 Lycaonis
1111 1678 1170 1708 filii
1195 1677 1292 1708 fuere
1315 1678 1439 1717 Iapyx,
1464 1677 1627 1716 Daunius,
1653 1680 1690 1707 et

237 1711 433 1757 Peucetius,
460 1715 516 1753 qui
541 1715 600 1745 has
627 1727 702 1748 oras
719 1726 949 1760 occuparunt3
974 1720 1101 1752 Anton.
1119 1720 1176 1750 lib.
1197 1728 1301 1750 xxxr.
1328 1720 1384 1750 ubi
1411 1723 1447 1750 et
1472 1718 1623 1749 fabulam
1646 1719 1689 1749 tle

238 1753 407 1793 Nymphis
424 1755 672 1795 Epimelidibus
689 1767 814 1802 narrat,
830 1772 895 1793 uon
913 1764 1054 1793 multum
1071 1763 1112 1793 al)
1130 1763 1191 1793 liae
1207 1761 1323 1792 Ovidii
1338 1761 1546 1800 dissimilem,
1561 1761 1632 1800 sed,
1652 1764 1690 1791 ut

239 1800 394 1836 apparet,
411 1806 452 1827 ex
471 1798 543 1828 aliis
567 1802 760 1834 auctoribus
779 1805 974 1844 repetitam.
993 1805 1058 1835 vid.
1075 1810 1110 1834 et
1125 1804 1279 1835 Servium
1296 1803 1338 1834 ad
1353 1804 1448 1843 Virg.
1465 1803 1540 1834 AEn.
1560 1811 1640 1834 vm.
1657 1805 1691 1834 9.

241 1837 351 1868 Burni.
397 1838 466 1869 Alii
487 1841 731 1881 reliquit.-5l5
757 1846 841 1876 Cum
865 1846 962 1875 multi
988 1846 1149 1884 habeant,
1171 1846 1231 1875 lev.
1257 1846 1374 1883 cannis,
1401 1846 1522 1877 Heius.
1543 1845 1693 1886 legebat,

239 1879 379 1918 stagnis.-
403 1882 464 1912 sed
490 1884 608 1914 Burm.
634 1886 736 1923 guttis
758 1891 883 1917 tuetur.
921 1886 963 1917 In
989 1896 1056 1917 uno
1079 1887 1156 1918 Bas.
1172 1887 1384 1924 e1·at‚7·uncz·s;
1407 1887 1440 1916 in
1457 1888 1521 1917 alio
1538 1888 1692 1927 tophis—-

898 1980 1036 2012 NOTAE
1057 1986 1061 1990 ”

287 2048 350 2076 512
376 2047 522 2088 OEnides]
546 2049 741 2094 Diomedes,
758 2054 860 2086 OEnei
884 2064 941 2087 ne-

246 2103 318 2134 pos.

291 2146 476 2188 Calydonia]
498 2149 547 2180 Ea
581 2161 657 2191 pars
680 2153 813 2194 Apuliae
844 2166 943 2198 quam

248 2195 283 2225 in
299 2195 412 2227 dotem
430 2199 612 2232 Diomedes
633 2213 651 2233 a
668 2204 786 2236 Dauno
803 2216 945 2247 accepe-

249 2249 303 2276 rat
329 2255 370 2278 eo
400 2249 533 2280 nomine
560 2253 759 2294 appellatur,
785 2257 862 2296 quia
889 2257 945 2288 ille

250 2304 311 2326 rex
326 2297 405 2327 olim
422 2299 555 2331 AEtoliae
584 2303 787 2342 Calydonius
809 2306 911 2337 etiam
928 2317 947 2337 a

253 2344 426 2385 Calydone
444 2349 576 2381 AEtoliae
596 2353 676 2382 urbe
692 2354 879 2387 dicebatur.

294 2398 356 2426 513
381 2397 555 2439 I’eucetios]
584 2401 745 2442 Appulos.
791 2407 947 2447 Namque

252 2445 287 2475 in
313 2445 395 2476 duas
437 2455 549 2487 partes
576 2451 679 2483 divisa
706 2454 844 2494 Apulia,
868 2466 949 2496 qua-

255 2504 328 2526 rum
344 2497 411 2527 alia
427 2499 467 2528 ad
486 2506 596 2534 ortum
621 2503 796 2544 Peuci-tia,
823 2506 887 2536 alia
908 2506 951 2536 ad

256 2554 409 2577 occasum
428 2549 562 2580 Daunia
575 2554 774 2592 appellatur.
798 2556 951 2596 Utraque

257 2594 300 2625 ad
317 2605 407 2627 mare
423 2597 633 2631 Adriaticum
662 2610 829 2644 porrecta,
851 2610 952 2646 atque

259 2643 395 2685 Aufido,
411 2649 480 2678 acri
497 2648 612 2689 fluvio,
629 2651 749 2683 divisa.

303 2697 475 2739 Messapia]
507 2701 547 2731 In
564 2702 684 2743 quibus
701 2704 834 2735 Calabri
851 2710 953 2746 atque

260 2748 436 2790 Salentini,
451 2749 485 2780 in
500 2751 675 2791 peninsula
701 2754 818 2787 ultima
832 2755 956 2797 Italiac,

995 2065 1070 2096 quae
1086 2055 1127 2086 ad
1144 2059 1255 2086 ortum
1271 2055 1378 2096 magis
1398 2058 1546 2096 spectat,
1562 2065 1582 2087 a
1598 2058 1698 2097 parte

997 2106 1285 2147 Septemtrionali.

1040 2159 1101 2187 515
1123 2154 1250 2195 Guttis]
1269 2155 1367 2187 Hanc
1384 2166 1426 2187 ex
1442 2156 1588 2197 vulgatis
1603 2156 1697 2188 libris

999 2206 1195 2244 lectionem,
1233 2205 1439 2237 admonente
1469 2206 1698 2238 subactissimi

995 2255 1121 2296 judicii
1147 2256 1217 2286 viro
1239 2255 1364 2296 Tanaq.
1398 2256 1522 2296 Fabro,
1547 2265 1701 2297 praecep-

1002 2310 1074 2336 tore
1101 2305 1181 2336 olim
1208 2314 1283 2335 meo
1309 2305 1496 2345 carissimo,
1532 2306 1701 2338 revocavi.

1003 2356 1135 2395 stagnis
1171 2356 1260 2386 euim
1291 2357 1384 2387 nulla
1415 2358 1497 2388 Mss.
1527 2356 1703 2388 levitatem

1004 2406 1131 2446 possint
1155 2415 1315 2438 asserere.
1371 2407 1497 2437 Verum
1523 2407 1605 2438 licet
1629 2406 1703 2447 ipse

1004 2455 1163 2496 inspicias
1190 2466 1265 2496 quae
1294 2457 1350 2487 ille
1378 2457 1704 2496 Epistolaruml.n.

1006 2515 1082 2546 pag.
1108 2509 1181 2536 320.
1206 2506 1425 2546 consignavit.
1471 2507 1593 2547 Neque
1621 2515 1704 2538 vero

1007 2565 1118 2596 operae
1136 2555 1310 2595 poeniteat.

1050 2604 1136 2643 Pan]
1169 2605 1220 2634 De
1247 2605 1311 2635 isto
1340 2609 1469 2634 naturae
1494 2604 1599 2636 totius
1626 2615 1706 2637 auc-

1010 2660 1096 2692 tore,
1122 2654 1149 2684 si
1176 2653 1297 2684 fabulis
1319 2654 1498 2694 credimus,
1517 2655 1590 2695 jam
1612 2664 1706 2696 saepe

1007 2704 1144 2734 dictum.
1187 2704 1315 2734 Verum
1335 2713 1378 2734 ne
1399 2713 1501 2744 parce
1516 2705 1705 2737 inculcatus

1009 2764 1029 2785 a
1054 2753 1149 2785 uobis
1176 2753 1340 2795 videatur,
1365 2754 1504 2786 consule
1530 2754 1559 2786 si
1591 2754 1707 2796 placet
