1773 3121
244 209 265 250 1
274 207 358 252 748

244 312 379 353 Hanc
395 310 469 352 alii
486 322 687 364 proceres
707 323 787 364 per
806 311 972 352 saecula
989 310 1121 364 longa
1139 315 1383 364 potentem,

245 378 336 420 Sed
358 377 575 418 dominam
595 390 734 418 rerum
754 379 808 419 de
829 379 1037 431 sanguine
1057 382 1183 419 natus
1204 379 1291 419 Iuli

243 445 431 488 Efficiet.
493 445 611 495 Quo,
629 459 725 486 cum
746 446 872 486 tellus
895 447 975 486 erit
992 459 1088 495 usa,
1108 447 1304 486 fruentur

244 511 466 552 AEthereae
489 511 633 561 sedes,
656 511 903 565 coelumque
926 513 1008 552 erit
1027 513 1174 551 exitus
1195 512 1275 552 illi.

244 577 362 619 Haec
386 578 603 619 Helenum
626 579 843 619 cecinisse
863 580 1114 632 penatigero
1135 579 1302 627 AEneae,

242 643 395 686 Mente
415 658 576 685 memor
596 645 759 686 refero:
790 649 1060 698 cognataque
1084 645 1246 685 moenia
1261 645 1388 685 laetor

243 709 477 762 Crescere;
507 715 547 751 et
568 712 726 752 utiliter
749 711 997 764 Phrygibus
1013 712 1170 752 vicisse
1192 711 1424 764 Pelasgos.

241 776 315 818 Ne
332 780 476 818 tamen
498 778 645 818 oblitis
665 778 720 818 ad
742 783 904 818 metam
923 778 1099 818 tendere
1118 779 1241 830 longe

241 842 558 896 Exspatiemur
576 845 724 896 equis;
756 845 930 892 coelum,
953 848 998 884 et
1018 844 1324 897 quodcumque
1345 845 1425 884 sub
1449 843 1525 885 illo
1547 846 1630 893 est,

241 908 453 950 Immutat
470 909 645 959 formas,
665 910 892 962 tellusque,
912 913 956 950 et
976 910 1186 963 quicquid
1201 911 1244 950 in
1259 910 1336 950 illa
1353 914 1433 951 est.
1604 909 1691 952 455

727 219 767 250 P.
798 218 955 249 OVlDII
989 217 1200 249 NASONIS

1605 576 1691 629 450

241 1028 314 1059 dent
328 1028 406 1058 hanc
424 1029 558 1059 validam
570 1038 627 1068 per
642 1029 734 1068 longa
753 1029 885 1066 soecula,
879 1039 886 1046 ·
908 1031 961 1060 sed
974 1029 1067 1071 filius
1090 1030 1127 1059 de
1151 1027 1302 1067 sanguine
1328 1027 1391 1058 Iuli
1415 1025 1521 1058 faciet
1536 1026 1691 1058 dominam

241 1071 325 1100 orbis
345 1074 520 1101 terrarum.-
541 1081 597 1110 quo
613 1081 681 1102 cum
696 1075 782 1102 terra
798 1082 851 1102 usa
869 1071 946 1109 fuer
949 1072 986 1110 it,
1000 1081 1085 1102 arces
1099 1072 1231 1101 coelestes
1255 1070 1447 1108 gaudebunt,
1462 1072 1492 1100 et
1506 1070 1615 1100 coelum
1629 1069 1692 1100 erit

239 1113 291 1143 illi
312 1112 404 1152 finis.
449 1114 570 1143 Memor
594 1115 738 1144 recordor
765 1114 917 1145 Helenum
938 1114 1122 1154 pmdixz'sse
1146 1113 1210 1143 haec
1235 1114 1344 1143 AEneae
1364 1112 1570 1152 penatigero;
1598 1114 1692 1151 atque

238 1156 359 1193 gaudeo
375 1164 475 1185 muros
498 1156 602 1196 affines
616 1157 736 1195 augeri,
750 1159 840 1196 atque
866 1157 991 1187 Groecos
1009 1157 1118 1186 vicisse
1132 1156 1165 1185 in
1180 1156 1367 1186 commodum
1385 1153 1596 1192 Trojanorum.
1640 1154 1692 1184 Ne

239 1200 343 1227 tamen
357 1206 554 1227 excurramus
567 1198 652 1236 equis
673 1198 829 1228 immemor
832 1198 898 1228 ibus
916 1198 1093 1234 festinandi
1107 1199 1147 1228 αα
1161 1200 1286 1235 metam,
1305 1197 1412 1226 coelum
1435 1199 1465 1227 et
1480 1195 1622 1236 quicquid
1634 1195 1691 1226 sub

240 1237 294 1269 illo
309 1241 366 1277 est,
377 1242 461 1270 terra
477 1242 508 1269 et
523 1239 665 1279 quicquid
679 1240 711 1270 in
727 1250 763 1270 ea
778 1243 834 1279 est,
850 1241 992 1271 immutat
999 1240 1132 1278 formas.
1176 1240 1244 1270 Nos
1258 1239 1351 1269 etiam
1362 1247 1437 1278 pars
1457 1238 1562 1269 mundi
1576 1238 1692 1278 (quau-

852 1332 1085 1344 eeeeeeeeeee

237 1375 319 1414 gios.
364 1375 446 1406 Mox
463 1385 524 1416 pro
540 1375 647 1406 debere
673 1375 791 1407 Heius.
817 1376 909 1416 conj.
928 1386 960 1406 se
982 1375 1209 1416 efferre—448
1232 1376 1330 1406 Voss.
1346 1383 1412 1413 usa,
1419 1374 1690 1412 fruentum—449

244 1418 338 1448 Unus
356 1417 449 1449 Leid.
474 1419 605 1458 talisque
631 1419 809 1449 er·it.—450
833 1419 981 1449 Berolin.
1004 1418 1358 1457 penatigeroque.-—45l
1383 1417 1424 1447 In
1447 1417 1524 1448 Pal.
1539 1427 1628 1450 mem.
1642 1427 1692 1448 re-

241 1460 324 1489 colo:
347 1469 430 1491 unus
445 1460 534 1491 Mor.
558 1464 807 1492 memora—453
832 1462 986 1492 Quatuor
1002 1460 1077 1490 libri
1094 1461 1161 1490 Nec
1175 1464 1248 1490 tum.
1284 1461 1370 1490 Tres
1386 1463 1459 1490 met,
1474 1462 1621 1498 tangere.-
1644 1459 1690 1490 Ο.

242 1502 343 1532 etiam
371 1503 579 1541 longa—454
602 1503 755 1534 Berolin.
776 1503 831 1534 sub
857 1503 923 1543 illa,
946 1502 1065 1533 omisso
1092 1505 1254 1533 est.—455
1289 1502 1348 1533 Pr.
1375 1501 1480 1534 Gron.
1524 1502 1571 1532 Et
1591 1504 1691 1534 mutat

898 1592 1037 1624 NOTAE

283 1657 346 1686 446
360 1654 440 1694 Alii]
456 1655 568 1695 Reges
580 1655 751 1695 videlicet,
763 1657 940 1695 Consules,

243 1706 364 1746 aliique
383 1710 459 1744 toga
489 1712 521 1735 et
550 1716 628 1737 saffo
654 1707 746 1739 olari,
772 1716 831 1745 prr
856 1716 938 1747 quos

243 1759 323 1786 ante
340 1756 493 1786 Caesares
508 1764 560 1785 res
578 1757 727 1785 nomana
744 1757 864 1786 cievit.

283 1805 410 1845 Longa]
439 1805 682 1844 septingentos
698 1815 812 1837 annos.

283 1858 347 1886 447
371 1854 490 1893 Natus]
515 1853 679 1885 Octavius
696 1860 748 1885 est
764 1855 938 1895 Augustus

242 1905 325 1938 Julii
355 1904 499 1935 Caesaris
537 1903 717 1943 adoptione
746 1902 845 1942 filius,
870 1904 939 1944 qui,

243 1955 389 1985 docente
422 1953 596 1991 Suetonio,
622 1956 809 1984 maternum
834 1962 938 1992 genus

244 2003 287 2034 ad
299 2002 483 2033 Ascanium
501 2011 560 2032 seu
577 2002 687 2032 Iulum
703 2003 817 2033 AEneae
834 2002 939 2032 filium

243 2052 438 2091 referebat;
482 2052 516 2082 in
554 2053 650 2092 cujus
687 2053 829 2093 gratiam
865 2053 939 2084 haec

243 2102 354 2134 omnia
370 2112 389 2132 a
406 2101 515 2132 Poeta
528 2102 732 2134 referuntur.

284 2155 347 2184 448
368 2152 444 2191 Usu]
461 2152 545 2182 Vide
557 2161 653 2192 quau]
667 2153 821 2192 apposite
837 2163 937 2184 voces

243 2202 370 2242 deligat
397 2202 504 2239 Naso;
538 2206 575 2232 ut
604 2203 767 2241 peculiari
793 2203 936 2243 quodam

243 2252 392 2283 Deorum
405 2250 519 2282 favore
536 2254 635 2282 terris
652 2252 693 2282 ad
713 2257 844 2292 tempus
857 2263 935 2285 con-

243 2311 374 2334 cessum
407 2301 596 2342 Augustum
627 2303 756 2343 innuat,
781 2314 845 2344 quo
875 2304 938 2344 ipsi

243 2351 388 2392 denique
402 2350 568 2383 fruantur.

286 2405 349 2434 450
372 2402 574 2442 Penatigero]
600 2403 666 2434 Qui
683 2404 774 2434 Deos
790 2404 938 2436 Penates

243 2462 355 2485 secum
368 2462 443 2483 cum
461 2457 553 2492 patre
569 2453 676 2493 Troja
690 2453 841 2486 abstulit.

285 2505 346 2534 451
374 2503 583 2542 Cognataque]
616 2503 832 2543 Euphorbum
848 2505 936 2535 enim

242 2553 424 2593 Trojanum
453 2552 553 2583 fuisse
578 2553 679 2583 etiam
705 2554 936 2595 Pythagoram

245 2613 347 2644 supra
361 2603 513 2634 vidimus.

287 2655 351 2685 452
384 2653 577 2693 Phrygibus]
619 2653 783 2693 Trojanis,
814 2653 870 2694 qui
902 2654 936 2684 in

246 2702 397 2743 Phrygia
405 2702 496 2742 olim,
509 2703 639 2734 nuncin
649 2703 750 2734 Italia
758 2703 801 2734 im
805 2703 936 2744 perium

246 2752 414 2785 obtinent.

1041 1655 1172 1696 Vicisse]
1202 1656 1279 1687 Hoc
1292 1654 1386 1695 dicit,
1400 1655 1479 1696 quia
1489 1664 1532 1686 ex
1548 1664 1588 1686 eo
1601 1653 1690 1696 quod

995 1705 1106 1735 erm-i
1116 1706 1296 1744 'frojanam
1308 1706 1482 1745 imperium
1492 1705 1690 1743 everterint,

993 1759 1099 1786 mullo
1116 1757 1224 1795 majus
1246 1757 1403 1786 AEueadae
1427 1756 1460 1785 in
1476 1755 1578 1785 ltalia
1593 1756 1692 1794 posu·

993 1806 1094 1837 erint.
1139 1805 1242 1835 Bonis
1262 1814 1343 1836 vero
1356 1805 1500 1835 maxime
1511 1803 1601 1835 istud
1614 1813 1692 1845 per-

995 1854 1224 1894 pendendum,
1249 1859 1350 1894 atque
1378 1854 1412 1884 in
1440 1854 1595 1885 maximis
1622 1853 1691 1884 suis

993 1904 1154 1944 periculis
1171 1904 1399 1943 cogitandum,
1416 1913 1459 1934 ne
1479 1904 1521 1934 ab
1536 1903 1690 1934 hostibus

994 1953 1076 1983 victi
1094 1953 1202 1983 auimo
1219 1953 1463 1993 despondeant.
1508 1953 1601 1983 Mala
1621 1963 1690 1983 om—

992 2003 1048 2034 nia
1058 2007 1186 2044 praeter
1199 2013 1293 2042 spem
1306 2013 1346 2034 ex
1359 2003 1447 2033 votis
1460 2007 1561 2044 atque
1573 2003 1690 2033 labore

993 2064 1051 2084 suo
1069 2054 1133 2084 illis
1158 2063 1313 2093 persaepe
1337 2053 1518 2084 eveniunt:
1543 2057 1579 2083 at
1600 2052 1689 2084 bona

993 2114 1099 2144 opera
1131 2109 1268 2134 aeternae
1295 2103 1429 2134 virtutis
1458 2103 1588 2138 semina
1616 2112 1689 2135 esse

992 2154 1077 2184 scire
1105 2154 1242 2190 debent,
1271 2163 1313 2183 ex
1351 2153 1482 2193 quibus,
1506 2157 1688 2194 utcumque

992 2209 1082 2234 terra
1094 2203 1238 2242 obrutis,
1259 2202 1390 2233 fructus
1413 2203 1619 2243 mitissimos,
1630 2203 1687 2234 be-

989 2255 1169 2285 nediceute
1186 2254 1272 2292 Deo,
1289 2263 1364 2284 cum
1380 2253 1502 2284 laetitia
1516 2252 1666 2293 capient.

1032 2309 1095 2336 454
1123 2304 1357 2345 Exspatiemur]
1382 2304 1420 2334 Id
1448 2308 1510 2343 est,
1532 2303 1561 2334 A
1583 2313 1687 2344 scopo

991 2355 1100 2386 aliena
1116 2354 1337 2395 proferamus.
1385 2353 1510 2385 Omnia
1532 2354 1566 2384 in
1592 2352 1686 2384 fluxu

991 2414 1063 2435 esse
1080 2404 1262 2444 cont-ludit,
1275 2410 1376 2444 atque
1392 2404 1476 2434 adeo
1493 2414 1512 2434 a
1528 2403 1686 2434 carnibus

991 2454 1239 2485 abstinendum.
1285 2456 1369 2487 Quae
1382 2453 1584 2493 Pythagorae
1598 2453 1686 2484 ratio

991 2505 1016 2534 si
1034 2504 1175 2542 valeret,
1187 2503 1339 2534 omnibus
1355 2503 1488 2534 omnino
1505 2502 1578 2534 cibo
1595 2502 1686 2533 omni

990 2553 1172 2584 carendum
1202 2562 1274 2583 esse
1303 2557 1530 2593 sequeretur„
1571 2553 1687 2584 Quan-

990 2613 1086 2644 quam
1099 2612 1177 2633 vero
1189 2613 1230 2632 ex
1240 2603 1387 2633 vanitate
1396 2612 1494 2643 quam
1507 2606 1685 2642 peccatum

990 2653 1119 2683 invexit
1156 2653 1305 2682 carnium
1353 2662 1446 2682 esum
1494 2652 1685 2683 dimanasse

991 2703 1138 2741 credam,
1165 2703 1233 2742 qui,
1259 2702 1423 2733 restitutis
1437 2702 1550 2741 rebus,
1572 2702 1684 2733 nullus

991 2752 1071 2792 erit,
1101 2752 1236 2783 minime
1263 2751 1486 2783 dubitandum
1511 2751 1591 2793 quin
1614 2760 1683 2783 mo-
