1773 3121
571 249 834 282 FAs‘roRUM
869 247 965 279 Lm.
999 250 1031 279 ι.
1414 239 1526 281 1845

72 345 102 386 J
106 359 173 387 am
194 347 296 400 pius
315 346 479 388 AEneas
498 354 639 391 sacra,
662 346 708 382 et
727 353 852 382 sacra
872 342 1008 382 altera
1028 346 1209 396 patrem,

132 412 312 454 Afferet.
372 412 538 452 Iliacos
556 409 730 461 excipe,
752 408 905 458 Vesta,
930 408 1063 449 Deos.

73 479 270 533 Tempus
289 469 382 526 e'rit,
402 490 500 518 cum
523 488 621 524 vos,
643 476 879 528 orbemque
899 477 1090 517 tuebitur
1107 477 1223 517 idem
1241 490 1250 517 z

129 546 186 586 Et
206 545 310 586 fient
330 545 428 596 ipso
451 556 578 583 sacra
600 543 771 583 colente
793 541 893 582 Deo
911 556 921 583 2

75 612 131 654 Et
148 624 282 666 penes
303 610 526 662 Augustos
548 611 705 664 patriae
727 610 863 650 tutela
884 611 1093 651 manebit.

131 678 264 719 Hanc
284 677 352 718 fas
372 678 543 731 imperii
564 677 702 718 fraena
721 682 866 718 tenere
884 677 1077 718 domum.

74 744 183 786 Inde
202 757 343 798 nepos
363 749 579 799 natusque
603 745 685 785 Dei
716 744 841 800 (licet
861 747 958 799 ipse
978 742 1168 798 recuset)

129 810 332 852 Pondera
353 812 526 853 coelesti
547 817 687 853 mente
710 817 893 866 paterna
907 813 1027 854 feret.

74 877 220 933 thue
240 892 318 932 ego
339 880 564 932 perpetuis
586 880 691 920 olim
712 881 920 921 sacrabor
939 881 984 920 in
1003 880 1105 930 aris,

129 946 204 988 Sic
223 946 427 1000 Augusta
445 960 608 987 novum
629 946 658 987 J
662 947 752 987 ulia
771 959 926 987 numen
947 947 1042 988 erit.
1065 956 1067 958 ’

1445 540 1528 582 580

1445 877 1529 919 535

72 1071 198 1102 advehet
213 1081 315 1109 sacra,
331 1075 361 1102 et
375 1075 496 1112 patrem
511 1082 600 1102 sacra
615 1073 724 1103 ultera..
775 1072 878 1111 Vesta,
902 1072 1009 1111 excipe
1026 1073 1107 1103 Deos
1132 1073 1254 1104 Iliacos.
1302 1073 1436 1111 Tempus
1453 1073 1531 1107 crit,

70 1124 138 1145 cum
153 1114 234 1145 idem
248 1114 391 1152 defendet
408 1125 459 1145 ros
483 1118 573 1154 atque
587 1114 708 1150 orbem;
731 1117 761 1144 et
785 1124 873 1144 sacra
899 1115 1129 1146 celebrabuntur
1156 1115 1219 1154 ipso
1250 1115 1315 1145 Deo
1337 1117 1472 1145 colente:
1497 1118 1528 1143 et

71 1156 167 1187 tutela
179 1157 294 1196 pntrioe
320 1156 452 1186 manebit
471 1166 564 1195 penes
576 1157 744 1194 Augustos.
789 1155 853 1186 Fas
866 1155 944 1186 Ιιαηι·
959 1157 1080 1186 domum
1105 1161 1207 1187 tenere
1231 1156 1363 1187 habenas
1390 1156 1527 1195 imperii.

76 1198 151 1229 Inde
164 1207 256 1238 nepos
271 1201 300 1228 et
314 1198 406 1239 filius
420 1198 496 1234 Dei,
522 1199 660 1238 quamvis
686 1198 750 1236 ipse
765 1201 893 1233 recuset,
911 1197 1000 1234 seret
1025 1207 1118 1228 onera
1142 1202 1272 1237 paterna
1288 1201 1388 1228 mente
1404 1198 1528 1227 coelesti.

72 1242 173 1281 Atque
185 1243 222 1271 ut
236 1249 293 1280 ego
307 1239 452 1270 sacrabor
465 1239 538 1270 olim
561 1240 594 1270 in
609 1239 760 1270 altaribus
775 1239 920 1276 (εἰει-πίε,-
943 1240 989 1270 ita
1003 1240 1093 1270 Julia
1115 1240 1260 1279 Augusta
1286 1240 1346 1270 erit
1369 1249 1445 1270 not-a
1461 1241 1530 1270 den.

685 1343 861 1355 OOOOOOO
863 1343 921 1355 m

72 1411 193 1444 Heius.
206 1411 330 1451 placet.
345 1410 405 1441 Be.
425 1410 518 1441 Nunc
534 1411 634 1442 minor
648 1411 682 1442 in
697 1413 862 1442 tote—527
879 1410 977 1441 Unus
995 1410 1039 1440 V.
1055 1419 1144 1442 sacra
1159 1411 1260 1441 auem
1277 1413 1306 1440 et
1328 1410 1426 1439 altera
1442 1412 1508 1448 pam
1520 1431 1527 1438 .

70 1457 176 1486 -528
198 1454 294 1485 Unus
307 1453 352 1484 V.
373 1452 519 1492 Auferet,
544 1453 634 1494 quod
662 1463 773 1494 neque
798 1453 921 1484 Heius.
948 1453 1129 1493 displicet:
1156 1453 1271 1483 Burm.
1299 1452 1400 1481 etiam
1429 1456 1529 1490 putat

72 1506 168 1537 posse
182 1495 306 1537 Effer-et
319 1496 398 1535 legi.
431 1495 517 1526 Dein
535 1496 632 1526 multi
650 1496 771 1536 scripti
789 1500 824 1527 et
839 1496 924 1527 editi
951 1496 980 1526 1.
995 1495 1110 1535 accipe,
1131 1495 1167 1526 V.
1194 1499 1230 1526 et
1254 1494 1416 1533 Excerpt.
1433 1493 1528 1523 Voss.

71 1539 174 1579 accipe
188 1541 271 1569 vesle
291 1538 442 1569 D.—5·29
456 1538 552 1568 Post.
571 1537 686 1569 Aldin.
704 1549 762 1578 quo
778 1547 838 1579 pro
853 1541 1040 1569 cum—5³0
1064 1538 1141 1568 Duo
1158 1537 1232 1567 libri
1249 1546 1328 1567 sacr.
1341 1535 1467 1566 colenda
1482 1535 1527 1564 D.

76 1583 178 1612 -531
203 1580 347 1620 Neapoli
363 1580 477 1619 pIacet
492 1580 597 1611 lectio
611 1581 662 1611 sui
680 1581 763 1612 Cod.
783 1581 861 1611 Cum
875 1591 946 1620 pen.
963 1585 998 1610 et
1015 1580 1061 1611 ita
1078 1589 1162 1610 unus
1189 1579 1319 1610 Bonon.
1345 1578 1427 1608 Mox
1444 1586 1528 1606 unus

77 1622 170 1654 ned.
201 1623 290 1653 tutet.
323 1622 470 1659 manebis,
505 1627 660 1662 venuste,
700 1622 820 1662 judice
851 1622 1078 1653 Heins.—532
1104 1622 1199 1652 Unus
1232 1619 1329 1651 Med.
1354 1620 1431 1658 jura
1468 1628 1528 1658 pro

67 1667 291 1704 frenum—5³3
316 1664 355 1695 In
381 1663 464 1696 Cod.
492 1664 634 1704 Neapol.
666 1664 737 1695 Iud.
763 1667 906 1704 satusque
928 1673 1051 1704 neposq.
1075 1663 1119 1694 D.
1146 1663 1229 1693 Mox
1257 1663 1333 1694 Pat.
1360 1671 1451 1702 usque
1469 1671 1528 1701 pro

736 1770 874 1802 NOTAE

118 1848 180 1878 52¹1
204 1844 317 1885 Sacra]
353 1844 474 1886 Ignem
499 1848 678 1883 aeternum,
703 1845 775 1876 scil.

76 1906 152 1928 cum
177 1896 341 1935 Palladio,
364 1895 506 1936 aliisque
529 1895 614 1935 Diis,
634 1894 677 1925 de
706 1894 778 1936 qui-

77 1946 139 1978 bus
153 1945 210 1987 qui
226 1944 354 1976 fuerint
369 1954 432 1975 non
449 1945 532 1976 satis
548 1948 690 1976 constat.

118 1994 244 2035 Auem]
283 1995 424 2026 Patrem
458 1994 574 2026 AEneae
603 1993 776 2025 Anchisen

76 2045 172 2086 dicit,
188 2055 289 2087 quem
306 2045 416 2077 Deum
433 2045 529 2085 fecit,
552 2051 588 2077 et
611 2055 674 2087 pro
701 2046 776 2078 Deo

74 2097 203 2136 coluit;
226 2102 264 2128 ut
280 2107 321 2127 ex
340 2097 483 2128 Marone
499 2097 619 2138 liquet.

116 2150 179 2179 528
207 2146 311 2186 Vesta]
336 2147 405 2178 Per
430 2147 579 2183 Vestam,
610 2147 775 2188 templum

75 2198 189 2231 Vestae
206 2198 352 2229 dicatum
371 2198 535 2238 inteilige,
550 2208 570 2228 a
587 2198 697 2229 Numa
714 2198 778 2237 pri-

74 2257 128 2280 mo
142 2248 304 2290 positum,
320 2254 357 2279 ut
375 2248 526 2289 plurimis
544 2248 671 2288 placet,
694 2247 777 2278 mul-

74 2299 182 2341 iisque
196 2299 399 2332 caerimoniis
417 2298 610 2330 venerabile
623 2297 762 2329 factum.

118 2353 181 2382 ⁶29
205 2349 306 2390 Idem]
326 2349 377 2381 Ad
394 2349 521 2382 Julium
536 2350 708 2380 Caesarem
725 2357 776 2378 re-

75 2400 183 2434 fertur
198 2401 287 2433 istud
306 2401 516 2438 vaticinium,
533 2400 590 2440 qui
612 2404 648 2430 et
666 2399 777 2439 Impe-

76 2451 161 2483 rium
185 2456 221 2483 et
251 2450 508 2488 Pontificatum,
536 2451 610 2490 ipse
642 2459 776 2491 quoque

76 2501 154 2535 Dii·
170 2502 354 2542 ascriptus,
369 2500 530 2532 obtinuit.

118 2555 179 2585 ⁶⁸1
199 2552 370 2592 Augustos]
388 2551 577 2591 Augustum
591 2551 776 2588 Coesarem,

78 2600 217 2643 ejusque
231 2609 397 2643 pus-ieros.

120 2652 182 2682 6⁸⁸
207 2652 322 2692 Nepos]
349 2652 590 2683 Germanicum
608 2651 775 2690 intellige,

83 2698 224 2740 Augusti
237 2708 410 2742 nepotem,
422 2703 496 2733 ideo
509 2702 596 2743 quod
609 2713 627 2733 a
640 2702 776 2733 Tiberio

82 2748 280 2789 adopt-tun,
320 2761 418 2792 quem
457 2752 632 2783 Tiberium
669 2751 775 2782 filium

81 2807 178 2830 suum
204 2797 376 2839 Augu-ma
406 2801 496 2834 idem
517 2801 701 2842 adoptione
727 2801 775 2833 fe-

831 1848 939 1876 cerat.

875 1894 1051 1935 Notusque]
1073 1895 1231 1926 Tiberius
1246 1898 1311 1935 est,
1327 1894 1382 1935 qni
1408 1895 1531 1935 impro-

831 1944 875 1975 ba
900 1949 1015 1975 mente
1042 1945 1137 1985 quasi
1164 1949 1302 1976 coactus
1329 1949 1364 1975 et
1386 1954 1531 1986 quereus

831 1995 984 2026 miseram
1018 1998 1053 2025 et
1084 2003 1258 2026 onerosam
1297 1993 1361 2024 sibi
1399 1994 1531 2033 injungi

830 2045 1045 2085 servitutem,
1066 2044 1245 2085 imperium
1272 2042 1418 2084 denique
1441 2052 1533 2074 rece-

829 2095 892 2136 pit.

873 2149 936 2178 ⁵34
962 2145 1122 2187 Pondere]
1153 2145 1295 2187 Imperii
1319 2143 1531 2176 administra-

831 2196 969 2228 tionem.

874 2251 937 2280 536
950 2248 1110 2289 Augusta]
1127 2247 1256 2279 Liviam
1273 2246 1372 2287 dicit,
1385 2245 1530 2286 Augusti

831 2308 983 2340 uxorem,
1021 2299 1077 2330 cui
1113 2298 1214 2330 Juliae
1248 2306 1370 2330 nomen
1403 2296 1532 2333 damni,

832 2348 920 2389 quod
938 2348 971 2379 in
994 2349 1120 2381 ,lulium
1146 2348 1280 2379 domum
1301 2346 1534 2379 concessisset.

832 2397 888 2429 11Ιί
915 2407 1006 2437 vero,
1027 2403 1064 2430 ut
1089 2403 1140 2430 est
1167 2402 1415 2430 assentatorum
1438 2397 1530 2437 inge-

831 2449 937 2488 nium,
953 2449 1113 2480 divinitas
1131 2449 1315 2486 attributam
1337 2452 1438 2489 utque
1455 2457 1532 2478 cou-

831 2505 996 2530 sectatam
1022 2510 1040 2530 a
1071 2499 1213 2530 Claudio
1237 2503 1362 2539 nepote
1390 2496 1531 2529 tradunt

831 2550 1012 2581 Suetonius
1029 2554 1064 2581 et
1082 2550 1158 2581 Dio.
1180 2549 1355 2591 Siquidem
1369 2557 1448 2579 vero
1464 2547 1529 2576 istu

831 2601 943 2631 omnia
972 2601 1129 2642 accipere
1155 2610 1219 2632 non
1252 2598 1401 2640 potuerit
1426 2597 1530 2632 Naso,

831 2651 886 2691 qui
915 2651 1022 2682 multo
1046 2658 1124 2682 ante
1151 2650 1250 2689 obiit,
1273 2650 1314 2680 ab
1345 2649 1417 2687 ipso
1443 2645 1529 2683 haec,

831 2701 1009 2742 captanda:
1034 2700 1284 2733 benevoientiae
1305 2705 1419 2733 causa,
1435 2700 1528 2724 ainte-

830 2756 1008 2793 occupata,
1038 2751 1227 2793 sagacitate
1258 2745 1400 2788 quadam
1432 2742 1526 2774 dixe-

831 2810 887 2833 ris.
