1773 3121
556 261 817 294 FAsTonuM
851 262 945 292 Lm.
980 264 1011 293 ι.
1391 256 1503 297 1849

63 354 268 411 Occupat
288 358 495 427 Alcides,
498 356 785 410 ..adductaque
807 356 933 397 clava
952 357 1133 399 trinodis
1419 357 1505 398 575
1556 391 1568 395 ⁴

115 423 204 465 Ter
223 430 374 478 quater
393 424 564 466 adversi
583 423 694 464 sedit
710 423 755 463 in
776 436 852 464 ore
873 425 971 465 viri.

61 489 143 532 Ille
163 492 294 542 cadit,
313 493 564 544 mixtosque
585 491 725 532 vomit
745 504 844 532 cum
865 493 1075 549 sanguine
1093 493 1253 543 fumos,

116 558 173 600 Et
190 559 281 600 lato
299 559 486 600 moriens
506 561 682 611 pectore
700 559 866 613 plangit
884 560 1076 601 humum.

60 623 265 667 Immolat
283 639 342 668 ex
362 626 452 667 illis
470 630 642 668 taurum
661 627 752 678 tibi,
773 627 965 680 Jupiter,
987 640 1121 668 unum

114 691 285 744 Victor,
306 697 349 734 et
368 692 621 735 Evandrum
640 695 940 748 ruricolasque
960 700 1119 736 vocat:
1420 692 1504 734 580

58 754 377 814 Constituitque
396 762 495 811 sibi,
517 775 617 815 quae
640 762 843 804 Maxima
863 762 1036 812 dicitur,
1059 774 1195 812 aram,

112 825 203 868 Hic
224 827 298 868 ubi
319 841 423 882 pars
446 828 580 871 Urbis
600 829 656 871 de
676 831 789 872 bove
809 843 967 871 nomen
986 830 1132 871 habet.

56 892 152 934 Nec
173 898 291 936 tacet
311 895 503 938 Evandri
522 900 676 947 mater,
696 911 835 952 prope
857 902 1028 951 tempus
1048 897 1218 947 adesse,

111 960 311 1003 Hercule
334 976 420 1016 quo
438 964 567 1005 tellus
584 965 641 1005 sit
661 965 770 1005 satis
790 977 871 1005 usa
891 977 988 1005 suo.

55 1027 118 1069 At
135 1028 244 1070 felix
261 1034 402 1081 vates,
424 1035 473 1072 ut
496 1031 579 1072 Dis
600 1032 848 1084 gratissima
869 1031 995 1080 vixit,
1420 1027 1504 1071 585

112 1096 323 1139 Possidet
341 1098 454 1140 hunc
474 1098 503 1140 J
507 1099 577 1139 ani
599 1099 664 1139 sic
682 1099 779 1139 Dea
798 1111 945 1138 mense
966 1097 1094 1139 diem.

58 1163 230 1205 ImBUS
251 1166 294 1205 in
315 1166 457 1218 magni
479 1169 627 1206 castus
646 1164 675 1204 J
678 1165 776 1204 ovis
797 1164 894 1205 aede
914 1163 1121 1204 sacerdos

111 1229 364 1272 Semimaris
383 1230 569 1271 flammis
592 1231 759 1271 viscera
775 1230 884 1271 libat
905 1230 1003 1271 ovis
1023 1243 1032 1270 ε

49 1350 103 1380 des
126 1348 259 1389 invadit,
283 1353 314 1381 et
338 1350 424 1381 clara
450 1350 584 1381 trinodis
599 1351 733 1382 adducta
757 1350 892 1390 impacta
917 1352 962 1381 est
986 1352 1034 1380 ter
1059 1352 1170 1389 quater
1194 1348 1228 1379 in
1244 1358 1276 1380 os
1290 1348 1353 1379 viri
1368 1349 1504 1381 adversi.

52 1391 112 1423 Ille
145 1391 330 1432 procumbit,
357 1396 387 1423 et
416 1393 510 1424 vomit
541 1393 647 1430 fumos
675 1393 816 1432 confusos
851 1402 920 1423 cum
955 1392 1115 1432 sanguine,
1143 1395 1174 1422 et
1203 1391 1334 1422 mon'ens
1363 1392 1504 1423 verberat

51 1438 166 1465 terram
194 1437 280 1465 msto
307 1438 442 1475 pectore.
507 1435 614 1466 Victor
649 1435 786 1466 immolat
823 1435 881 1466 tibi
917 1444 1011 1465 unum
1041 1437 1163 1465 taurum
1191 1443 1231 1464 ex
1261 1433 1336 1472 illis,
1362 1434 1505 1474 Jupiter,

51 1479 142 1516 alque
170 1477 285 1508 invitat
315 1477 496 1508 Evandrum
521 1481 552 1508 et
577 1479 737 1509 ruricolas.
795 1479 896 1518 Atque
922 1477 1027 1517 posuit
1055 1477 1115 1508 sibi
1141 1476 1252 1515 altare,
1279 1477 1360 1516 quod
1389 1476 1506 1507 dicitur

54 1518 245 1556 Maximum,
278 1519 327 1549 lu'c
360 1519 412 1550 ubi
440 1529 514 1559 pars
550 1520 644 1550 Urbis
674 1520 763 1551 habet
798 1530 904 1551 nomen
938 1521 975 1550 de
1007 1519 1088 1550 bore.
1150 1519 1257 1558 Neque
1279 1521 1378 1548 mater
1403 1518 1508 1548 Euan·

53 1561 104 1591 dri
135 1562 250 1600 premit
271 1561 392 1592 silentio
423 1571 515 1602 prope
547 1565 666 1602 tempus
698 1564 816 1602 adesse,
847 1572 905 1602 quo
937 1565 1022 1592 terra
1043 1561 1086 1591 sit
1108 1560 1186 1592 satis
1207 1570 1263 1591 usa
1284 1570 1336 1590 suo
1361 1559 1506 1591 Hercule.

54 1604 98 1633 At
120 1602 210 1634 beata
228 1605 325 1642 vata,
342 1607 376 1634 ut
394 1604 476 1634 vixit
489 1605 670 1643 gratissima
691 1605 778 1642 Diis,
797 1606 843 1634 ila
858 1604 927 1634 Dea
943 1603 1033 1634 habet
1043 1603 1123 1633 hunc
1143 1603 1224 1632 diem
1248 1602 1281 1632 in
1301 1611 1402 1632 mense
1415 1602 1506 1633 Juni.

53 1644 246 1676 ——Idibus
269 1646 409 1677 sacerdos
433 1649 534 1676 castus
562 1647 662 1677 adolet
689 1646 813 1685 ignibus
838 1649 911 1676 exta
937 1645 1002 1676 ovis
1026 1644 1200 1677 semimaris
1220 1643 1380 1684 intemplo
1394 1643 1508 1675 excelsi

54 1762 189 1804 constan,-
213 1763 377 1803 Excerpt.
394 1763 582 1795 Kloekhov.
598 1763 800 1805 estium—576
825 1762 880 1794 Fr.
897 1765 983 1802 quat.
1005 1762 1128 1793 adversi
1153 1763 1215 1792 sed.
1239 1761 1388 1792 nonnulli
1404 1761 1507 1793 etiam

54 1806 131 1836 libri
161 1806 309 1842 adt-ersom
334 1805 412 1837 Pet.
441 1807 596 1837 adversus.
636 1806 719 1836 Mox
743 1804 876 1836 Arund.
903 1806 958 1835 Fr.
986 1809 1022 1835 et
1046 1810 1114 1836 tres
1139 1804 1196 1835 alii
1221 1804 1253 1834 in
1270 1813 1324 1834 ora
1339 1804 1505 1835 vin—577

56 1847 334 1888 Mixtosq..,sumon
348 1853 398 1879 est
414 1857 457 1878 ex
475 1853 620 1889 quatuor
635 1849 678 1878 V.
695 1852 730 1878 at
755 1848 788 1877 in
814 1847 966 1887 plurimis
989 1846 1088 1878 codd.
1113 1856 1189 1878 cum
1215 1846 1307 1886 vulg.
1322 1845 1409 1877 Eud.
1425 1846 1507 1877 mix-

54 1890 318 1931 mqfflammas:
342 1891 376 1921 in
393 1890 480 1921 Maz.
502 1895 538 1921 et
563 1894 641 1921 octo
669 1889 741 1920 aliis
767 1889 938 1928 mixtoque,
953 1889 974 1919 i.
992 1898 1022 1920 e.
1040 1889 1144 1919 mixto
1158 1888 1440 1927 sanguina—⁵⁷8
1462 1888 1508 1920 V.

55 1937 89 1963 et
106 1939 173 1962 tres
188 1932 243 1962 alii
257 1935 337 1971 pect.
353 1932 459 1971 tangit
482 1931 563 1963 hum.
589 1932 666 1964 Pol.
690 1937 721 1962 et
747 1931 814 1962 duo
837 1936 1007 1971 praeterea
1027 1931 1251 1970 pulsan—579
1276 1930 1328 1961 Fr.
1344 1930 1387 1961 iu.
1403 1934 1507 1961 tauro-

52 1983 123 2005 nm
147 1974 289 2004 J.-—581
316 1973 357 2004 In
384 1973 516 2006 Arund.
543 1979 578 2005 et
604 1975 702 2005 Voss.
733 1983 809 2004 cum
837 1978 984 2014 quatuor
1010 1973 1084 2003 aliis
1112 1972 1435 2012 finitimique—585
1466 1972 1507 2002 In

54 2025 129 2048 voc.
143 2019 230 2047 vates
245 2025 329 2047 unus
343 2015 432 2047 Mor.
445 2025 508 2057 pro
522 2026 594 2047 var.
613 2016 693 2048 lect.
716 2019 827 2046 mater.
872 2015 914 2046 In
929 2015 1097 2047 nonnullis
1118 2015 1247 2053 gratiss.
1261 2013 1367 2050 dixin
1390 2014 1507 2045 Burm.

55 2062 154 2099 putat
181 2067 224 2090 ex
252 2058 339 2090 Met.
369 2067 443 2090 xiv.
472 2061 546 2090 123.
590 2059 599 2076 ‘
618 2059 682 2090 Dis
712 2058 915 2099 gratissima,
942 2057 1158 2089 dinus—586
1181 2059 1249 2088 Sex
1281 2055 1387 2088 Codd.
1420 2056 1510 2088 Poss.

55 2101 133 2133 hanc
157 2101 192 2132 J.
216 2102 300 2133 Tum
317 2110 401 2133 unus
418 2101 459 2134 V.
474 2101 519 2133 sic
538 2101 587 2133 D.
608 2101 701 2140 sacta
715 2101 760 2133 αἱ.
798 2101 864 2132 Be.
891 2101 969 2132 hanc
997 2101 1070 2132 J.s.
1096 2109 1211 2141 quoque
1239 2109 1281 2131 m.
1307 2099 1507 2130 diem—588

95 2257 156 2288 5⁷5
182 2255 324 2298 Alciden]
367 2256 550 2297 Hercules,
576 2256 630 2289 cui
654 2266 674 2288 a
701 2265 753 2287 ro·
850 2259 913 2288 582
937 2257 1020 2289 Pars
1035 2257 1135 2298 urbis]
1156 2255 1197 2288 In
1212 2254 1288 2288 foro
1301 2255 1438 2293 boario;
1454 2253 1510 2286 cui

54 2303 134 2337 bore
150 2305 231 2338 illud
248 2306 369 2338 Graece
386 2307 503 2339 datum
520 2317 653 2339 nomen.
809 2305 852 2337 ab
870 2306 1042 2339 immolato
1069 2306 1230 2338 Herculis
1246 2305 1400 2336 manibus
1424 2305 1510 2335 bove

95 2354 255 2396 Adducta]
278 2357 330 2388 De
345 2367 440 2389 more
456 2357 589 2389 illorum
607 2357 664 2398 qui
678 2366 753 2398 gra·
807 2356 923 2388 datum
941 2366 1062 2388 nomen
1079 2357 1196 2387 volunt
1211 2366 1219 2386 :
1245 2355 1308 2386 nisi
1323 2354 1411 2396 quod
1431 2363 1511 2385 non-

54 2413 129 2436 νοω
144 2405 250 2437 ictum
266 2406 393 2438 inferre
411 2412 543 2448 parant.
806 2407 891 2438 nulli
918 2406 961 2438 ab
988 2417 1084 2438 aenea
1107 2406 1202 2437 bovis
1224 2410 1338 2437 statua
1361 2414 1435 2446 quae
1462 2403 1510 2435 ibi

96 2458 159 2487 ⁶76
184 2456 243 2488 Ter
257 2457 382 2498 quater]
407 2458 512 2489 Manu
530 2457 690 2489 Herculis
704 2467 754 2489 sa·
806 2455 871 2488 fuit
887 2461 1081 2488 accersunt.

57 2503 101 2537 u·
116 2504 194 2538 fuit.
850 2509 913 2537 683
939 2506 1061 2546 Mater]
1085 2505 1278 2537 Evandrum
1298 2504 1409 2545 ipsum
1425 2502 1510 2534 divi·

97 2557 161 2587 6¹1⁹
184 2556 266 2597 Illis]
292 2558 359 2590 Qui
376 2557 521 2599 surrepii
537 2557 682 2590 fuerant.
808 2556 979 2588 nationem
1011 2556 1128 2587 matris
1156 2553 1301 2586 Herculi
1339 2552 1510 2594 aperuisse

99 2606 158 2638 881
185 2607 372 2648 Conna-aie]
396 2609 474 2640 Non
489 2609 537 2641 ita
552 2609 754 2641 habenthiu-
808 2605 915 2638 refert
933 2606 1127 2646 Dionysius.

59 2653 243 2693 teuchum!
268 2656 310 2687 nb
334 2658 504 2698 Evnndro,
522 2668 542 2689 a
569 2659 753 2691 Carmenta
851 2660 913 2688 584
940 2657 1008 2692 Quo
1025 2655 1131 2695 lenm]
1155 2655 1318 2694 Adeoque
1333 2653 1401 2689 5¹¹⁰,
1417 2659 1508 2681 ⁰¹⁰⁰·

59 2701 174 2743 docto,
196 2703 338 2738 Herculi
359 2707 505 2740 dicatam
533 2719 625 2740 aram
643 2710 753 2741 Maxi.
808 2707 886 2739 utris
899 2717 941 2739 ex
956 2712 1048 2738 terra
1064 2706 1220 2744 sublatis,
1236 2704 1278 2735 ad
1295 2704 1445 2742 superos
1461 2700 1506 2731 nit

60 2761 148 2783 mam
178 2753 340 2788 scribunt.
378 2757 465 2789 vide
491 2758 692 2799 Dionysium
720 2764 754 2792 et
808 2766 1020 2789 excessurus.

62 2801 204 2835 Livium.
850 2809 914 2839 686
941 2804 1047 2846 Hunc]
1066 2803 1222 2838 Tertium
1244 2800 1340 2843 laun,
1353 2799 1424 2832 scil.
1439 2808 1507 2843 quo
