1773 3121
227 191 340 233 2162
715 204 755 233 P.
786 202 943 233 ovum
974 202 1186 234 NASole

230 296 406 338 Curtius
427 295 500 336 ille
520 296 656 346 lacus,
677 297 820 338 siccas
842 298 916 350 qui
937 299 1124 338 sustinet
1144 310 1255 347 aras,

285 363 416 404 Nunc
439 362 580 403 solida
600 366 665 403 est
685 363 829 412 tellus,
853 365 930 404 sed
952 365 1079 404 lacus
1101 368 1196 404 ante
1218 363 1314 403 fuit.

229 430 330 479 Qua
350 429 540 469 Velabra
561 429 701 468 solent
717 430 759 468 in
781 428 957 470 Circum
977 431 1131 471 ducere
1152 441 1354 483 pompaS,
1580 429 1666 470 405

285 495 364 536 Nil
384 499 540 548 praeter
560 497 720 536 salices
742 509 954 548 cassaque
977 509 1116 536 canna
1136 497 1228 536 fuit.

229 563 359 615 Saepe
379 563 648 602 suburbanas
670 563 836 602 rediens
856 563 1040 603 conviva
1060 576 1135 616 per
1155 562 1299 602 undas

285 628 455 679 Cantat,
477 632 519 669 et
539 628 594 668 ad
615 633 772 669 nautas
792 629 911 669 ebria
931 630 1063 669 verba
1076 629 1201 682 jacit.

228 685 441 736 Nondum*
457 696 715 736 conveniens
736 696 919 735 diversis
941 695 1024 736 iste
1044 694 1191 746 figuris

284 762 459 802 Nomen
476 763 530 801 ab
552 775 705 801 averso
726 764 905 812 ceperat
924 774 1048 800 amne
1065 762 1205 802 Deus.
1580 759 1665 801 410

226 827 317 868 Hic
339 840 512 880 quoque
534 827 661 866 lucus
683 829 788 874 erat,
815 825 964 877 juncis
986 830 1028 866 et
1049 828 1252 868 arundine
1275 827 1449 876 densus,

282 893 338 934 Et
357 893 469 946 pede
487 893 632 932 velato
652 904 738 931 non
759 890 959 930 adeunda
978 891 1119 943 palus.

226 960 389 1012 Stagna
408 962 685 1008 recesserunt,
706 962 750 998 et
772 970 909 1011 aquas
932 971 1015 998 sua
1034 959 1129 1011 ripa
1149 957 1346 999 coercet:

283 1026 495 1079 Siccaque
513 1039 625 1066 nunc
648 1026 773 1066 tellus
791 1039 800 1066 :
830 1038 927 1066 mos
944 1029 1087 1066 tamen
1107 1025 1205 1065 inde
1225 1029 1385 1066 manet.

227 1092 499 1133 Reddiderat
519 1105 715 1133 causam.
774 1091 955 1141 Valeas,
980 1104 1088 1132 anus
1108 1091 1292 1144 optima,
1315 1092 1432 1133 dixi:
1581 1091 1666 1133 415

285 1158 416 1208 Quod
437 1161 632 1210 superest
652 1159 750 1207 aevi,
768 1158 899 1198 molle
921 1159 977 1198 sit
995 1171 1133 1208 omne,
1157 1159 1236 1199 tui.

228 1225 386 1267 Cetera
400 1225 494 1277 jam
514 1224 679 1277 pridem
700 1224 833 1263 didici
855 1225 1093 1276 puerilibus
1113 1226 1237 1264 annis
1255 1239 1264 1265 ε

285 1291 389 1332 Non
410 1296 553 1331 tamen
572 1291 734 1329 idcirco
755 1290 1060 1341 praetereunda
1079 1288 1201 1328 mihi.

225 1358 396 1398 Moenia
417 1355 689 1397 Dardanides
705 1368 845 1406 nuper
865 1367 980 1395 nova
998 1355 1159 1395 fecerat
1180 1354 1295 1395 Ilus:

283 1423 375 1464 Ilus
396 1422 538 1463 adhuc
559 1420 681 1462 Asiae
704 1420 829 1461 dives
850 1421 1036 1461 habebat
1057 1433 1181 1474 opes·
1581 1423 1677 1476 420,

222 1547 362 1580 madebat
377 1548 464 1588 aquis
478 1546 702 1577 exundantibus
708 1546 819 1586 fluvio.
864 1547 924 1577 Ille
950 1547 1033 1577 lacus
1061 1547 1200 1585 Curtius,
1222 1546 1274 1586 qui
1290 1545 1360 1583 fert
1382 1546 1496 1578 altaria
1514 1548 1606 1586 sicca,
1620 1552 1667 1580 est

221 1601 302 1622 nunc
317 1591 518 1631 terrafirma,
528 1589 652 1627 sedfuz't
665 1590 753 1629 prius
766 1590 857 1620 lacus,
891 1589 982 1620 Nihil
986 1589 1055 1626 fuit
1068 1592 1183 1629 proeter
1195 1589 1301 1620 salices
1313 1592 1343 1619 et
1358 1589 1521 1620 arundines
1537 1589 1666 1629 fractae,

223 1643 283 1674 qua
304 1633 432 1664 Velabra
447 1635 662 1662 consueverunt
678 1633 786 1662 ducere
807 1641 935 1672 pompas
958 1631 991 1662 in
1017 1633 1152 1662 Circum.
1198 1632 1285 1671 Soepe
1307 1632 1432 1662 conviva
1446 1636 1600 1663 revertens
1611 1642 1670 1672 per

222 1676 318 1706 undas
332 1674 520 1705 suburbanas
545 1674 640 1712 canit,
654 1678 684 1704 et
690 1675 793 1713 jactat
809 1675 892 1704 dicta
905 1673 988 1704 ebria
1003 1674 1114 1705 nautis.
1159 1674 1303 1704 Nondum
1327 1675 1386 1704 iste
1409 1675 1494 1704 Deus
1516 1677 1667 1705 sumserat

223 1727 331 1748 nomen
344 1720 449 1757 aptum
464 1716 686 1757 rariisfigurz‘s
700 1727 718 1747 a
725 1717 827 1757 fluvio
854 1725 970 1746 averso.
1016 1716 1081 1746 Hic
1097 1716 1192 1746 etiam
1210 1719 1277 1746 erat
1299 1717 1384 1747 lucus
1399 1718 1511 1755 spissus
1516 1717 1621 1755 juncis
1635 1719 1667 1747 et

222 1759 343 1799 cannis,
354 1763 384 1790 et
399 1760 485 1799 palus
499 1768 556 1789 non
568 1761 755 1798 penetranda
769 1760 844 1799 pede
856 1761 945 1789 tecto.
988 1757 1110 1797 Stagna
1124 1763 1321 1797 recesserunt,
1336 1761 1367 1788 et
1381 1769 1434 1789 sua
1450 1759 1518 1798 ripa
1533 1759 1670 1790 continet

222 1812 336 1842 aquas.-
358 1804 448 1840 atque
464 1804 639 1831 terra'nunc
661 1802 774 1832 arida:
799 1805 901 1831 lamen
924 1801 1106 1831 consuetudo
1130 1801 1200 1830 inde
1214 1803 1360 1840 superest.
1406 1801 1558 1831 Ediderat
1573 1801 1668 1831 ratio-

220 1854 299 1875 nem.
348 1843 468 1883 Valeas,
480 1852 555 1873 anus
568 1844 694 1883 optima,
708 1843 776 1873 dixi
789 1853 801 1879 ;
817 1852 903 1873 omne
918 1843 995 1882 quod
1008 1847 1145 1882 superes!
1157 1843 1304 1882 temporis
1313 1843 1361 1873 tui
1371 1842 1414 1872 sit
1425 1843 1538 1873 loetum.
1583 1844 1665 1874 Doc-

223 1891 272 1917 tus
294 1896 358 1917 sum
379 1885 504 1924 jamdiu
519 1885 635 1924 reliqua
649 1888 742 1916 oetate
753 1885 866 1925 puerili
877 1896 888 1921 ,·
910 1895 969 1915 non
992 1888 1092 1915 tamen
1118 1885 1184 1915 ideo
1209 1888 1280 1915 sunt
1302 1884 1379 1915 mihi
1401 1885 1523 1915 silentio
1539 1888 1669 1924 praeter-

221 1929 381 1960 mittenda.
426 1927 491 1958 Ilus
517 1927 716 1959 Dardanides
728 1937 824 1968 nuper
836 1929 980 1968 posuerat
993 1937 1082 1958 novos
1097 1936 1217 1958 muros:
1239 1927 1397 1967 opulentus
1421 1927 1487 1958 Icus
1499 1926 1666 1964 fruebatur

825 2008 1061 2021 “eecce-006⁴&

221 2063 308 2104 gatis
333 2063 530 2102 quibusdam
545 2064 866 2103 redundanti...aqua,·
889 2064 898 2082 ‘
915 2074 998 2104 quos
1012 2073 1095 2095 cave
1108 2064 1248 2095 audias!
1270 2064 1488 2094 Heius—406
1513 2063 1666 2103 Cussaque

221 2105 355 2145 recepit
372 2104 489 2135 Heius.
506 2115 547 2134 ex
564 2105 695 2136 duobus
717 2106 909 2136 melioribus
934 2107 972 2136 F.
999 2110 1034 2136 et
1050 2107 1140 2138 Maz.
1157 2115 1177 2135 a
1202 2115 1289 2136 man.
1317 2115 1367 2144 pr.
1392 2114 1453 2144 pro
1480 2104 1567 2144 vulg.
1581 2114 1662 2135 cras-

222 2149 432 2187 saque.—408
467 2146 505 2176 In
538 2156 611 2177 voc.
642 2146 726 2176 ebria
752 2156 812 2185 pro
850 2157 915 2177 var.
953 2148 1032 2177 lect.
1063 2148 1116 2177 Fr.
1147 2147 1207 2177 dat
1237 2147 1323 2176 talia.
1358 2147 1445 2176 Tum
1480 2156 1542 2186 pro
1572 2146 1664 2177 verba

223 2189 344 2219 Heius.
367 2188 462 2218 malit
491 2188 573 2218 dicta
603 2188 655 2218 vel
686 2188 809 2228 probra.
841 2189 900 2218 Pr.
925 2188 966 2218 A.
998 2193 1033 2219 et
1066 2192 1138 2218 tres
1163 2188 1219 2218 alii
1240 2188 1330 2218 verbu
1355 2187 1558 2225 facit.—410
1582 2188 1665 2219 Plu-

221 2231 296 2261 rimi
322 2229 360 2260 ab
383 2230 507 2259 adverso
536 2239 601 2269 cep.
637 2235 671 2259 et
700 2239 782 2260 unus
810 2233 1026 2260 eversa—411
1054 2230 1142 2260 Mor.
1173 2239 1256 2259 unus
1286 2230 1384 2268 virgis
1420 2240 1481 2270 pro
1502 2230 1663 2268 juncis„—

221 2275 284 2303 412
308 2272 348 2302 Ρ.
366 2276 401 2302 et
417 2272 575 2311 Excerpt.
605 2271 650 2301 D.
668 2273 738 2310 ped.
765 2272 878 2302 nudato
899 2274 1077 2302 nom—414
1103 2272 1177 2301 Inde
1194 2280 1235 2301 ex
1252 2280 1302 2310 pr.
1334 2273 1461 2303 Bonon.
1478 2272 1584 2303 ceteri
1599 2272 1663 2303 ille.

220 2317 324 2345 -415
350 2314 408 2346 Pr.
424 2313 466 2345 A.
481 2317 516 2344 et
528 2313 613 2344 Loeti
629 2313 712 2344 Cod.
744 2313 811 2344 Val.
841 2313 911 2343 huic
932 2316 1102 2354 opt.-42l
1128 2314 1184 2345 Pr.
1206 2312 1249 2344 A.
1264 2317 1300 2344 et
1317 2313 1406 2344 Laeti
1422 2314 1505 2345 Cod.
1520 2314 1603 2353 sign.
1617 2314 1666 2344 vi-

872 2407 1011 2439 NOTAE

261 2481 324 2512 403
347 2479 445 2519 Aras]
475 2481 543 2511 Pro
559 2491 617 2511 ara
638 2481 750 2521 posuit
763 2481 913 2521 Saturni,
968 2480 1098 2512 forum:
1123 2481 1305 2520 trajectum
1322 2483 1433 2510 autem
1451 2479 1593 2511 Romani
1605 2489 1667 2521 ap-

222 2539 297 2572 quae
314 2530 346 2560 in
364 2530 440 2560 lacu
458 2531 575 2560 Curtii.
968 2531 1139 2570 pellabant
1158 2530 1361 2561 velaturam.

261 2581 323 2610 405
352 2579 493 2618 Velabra]
521 2580 568 2608 Eo
586 2580 718 2609 nomine
733 2590 751 2610 a
763 2580 912 2610 vehendo
1008 2582 1067 2609 407
1083 2578 1290 2617 Suburbanus]
1305 2578 1434 2608 Tiberis
1446 2577 1662 2610 exundantis.

220 2629 330 2661 dictus
348 2629 403 2659 ille
421 2629 514 2658 lot-us
532 2638 590 2667 per
606 2639 703 2668 quem
726 2630 758 2658 in
777 2630 911 2660 Circum
1006 2631 1069 2658 410
1100 2627 1200 2666 Deus]
1245 2628 1464 2666 Vertumnus,
1487 2636 1585 2668 quem
1615 2627 1662 2659 ab

219 2679 344 2718 ibatur,
360 2678 436 2718 quia
451 2678 530 2708 olim
546 2676 646 2708 fluvio
673 2678 792 2709 erebro
811 2688 912 2709 exun-
966 2678 1070 2707 amnis
1086 2677 1239 2707 Tiberini
1253 2681 1384 2707 mutato
1407 2686 1504 2708 cursu
1523 2676 1572 2708 sic
1588 2672 1663 2710 di'c-

220 2728 334 2769 dante,
362 2736 404 2759 eo
440 2728 515 2758 loco
552 2728 718 2768 trajectus
752 2731 842 2759 esset
876 2727 912 2759 in
966 2731 1036 2758 tum
1052 2726 1224 2759 finxerunt
1239 2726 1341 2758 etiam
1358 2726 1428 2759 alii.
1660 2726 1664 2741 ³
