1773 3121
220 224 333 265 2000

713 233 754 263 P.
787 231 946 262 OVlDll
981 231 1140 262 NASON
1150 230 1194 261 IS

223 328 359 369 Stella
381 328 653 382 Lycaoniam
675 328 812 380 vergit
832 327 1044 380 proclinis
1065 326 1121 367 ad
1143 325 1313 366 Arcton

280 395 474 435 Miluus:
505 395 601 435 haec
624 395 702 434 illa
721 399 851 435 nocte
876 394 1062 434 videnda
1085 394 1214 434 venit.

225 462 348 512 Quid
372 462 539 502 dederit
560 463 746 511 volucri,
770 464 806 503 si
827 463 895 502 vis
917 474 1192 513 cognoscere,
1213 460 1406 512 coelum3

1598 459 1685 501 795

281 529 493 570 Saturnus
514 531 657 582 regnis
679 532 735 571 ab
757 530 875 571 Jove
895 529 1052 582 pulsus
1073 531 1179 568 erat.

227 595 433 639 Concitat
453 599 593 638 iratus
615 598 787 638 validos
808 598 989 638 Titanas
1009 598 1051 636 in
1072 608 1207 645 arma,

283 663 489 717 Quaeque
510 665 594 705 fuit
613 665 716 705 fatis
739 664 903 712 debita,
926 664 1070 716 poscit
1090 675 1233 715 opem.

228 731 369 772 Matre
392 736 515 771 satus
535 732 685 781 Terra,
708 736 952 772 monstrum
972 730 1188 779 mirabile,
1210 733 1359 771 taurus

283 799 416 840 Parte
438 800 506 838 sui
529 812 709 851 serpens
729 798 968 850 posteriore
988 797 1085 836 fuit.

1605 797 1689 838 800

227 865 361 906 Hunc
382 866 545 918 triplici
565 877 689 904 muro
709 865 820 904 lucis
840 864 1073 903 incluserat
1094 865 1198 904 atris

284 933 524 972 Parcarum
547 932 713 972 monitu
737 931 853 984 Styx
874 930 1065 969 violenta
1086 930 1230 970 trium.

227 999 417 1041 Viscera
437 1000 511 1053 qui
532 999 645 1040 tauri
668 998 857 1038 flammis
878 996 1099 1037 adolenda
1120 996 1332 1048 dedisset,

285 1067 391 1108 Sors
411 1071 519 1117 erat,
539 1069 726 1108 aeternos
747 1066 919 1107 vincere
940 1077 1075 1119 posse
1099 1065 1241 1106 Deos.

230 1224 371 1263 Argeos.-
392 1224 509 1264 pagina
523 1233 578 1254 sua
600 1224 681 1254 dicet
697 1224 748 1264 qui
764 1225 838 1254 sint.
884 1224 1004 1254 Milvus
1027 1224 1115 1254 stella
1129 1224 1232 1263 vergit
1244 1225 1393 1264 proclz'm's
1407 1226 1447 1255 ad
1462 1223 1582 1255 Arcton
1596 1224 1696 1265 Lyca-

229 1267 344 1297 oniam.
390 1267 469 1297 Hoec
485 1269 529 1296 est
545 1267 757 1306 conspicienda
772 1267 826 1296 z'llu
841 1270 939 1297 nocte.

985 1266 1021 1296 Sz·
1037 1267 1122 1306 cupis
1146 1267 1225 1296 scire
1252 1267 1325 1305 quic!
1348 1268 1467 1297 dederit
1482 1268 1587 1298 coelum
1600 1267 1672 1298 aliti
1686 1278 1696 1297 .·

231 1310 387 1340 Saturnus
401 1313 469 1339 erat
484 1309 617 1347 dejectus
630 1310 704 1339 solio
719 1309 756 1339 ab
781 1309 870 1340 Jove.
917 1309 1023 1339 Iratus
1050 1312 1136 1339 vocat
1161 1311 1302 1348 potentes
1327 1309 1457 1339 Titanus
1481 1310 1515 1339 in
1538 1318 1637 1348 arma,
1663 1312 1695 1340 et

226 1352 309 1392 petit
324 1352 478 1382 auxilium
493 1353 572 1390 quod
581 1351 649 1388 fuit
666 1351 803 1382 debitum
820 1351 912 1388 satis.
960 1352 1080 1381 Taurus
1095 1354 1267 1381 monstrum
1282 1352 1465 1391 stupendum
1479 1354 1582 1382 ortum
1596 1355 1696 1383 matre

231 1395 327 1425 Terra
342 1393 410 1431 fuit
436 1403 559 1432 serpens
580 1397 671 1432 purte
697 1392 866 1431 posteriore
889 1393 949 1421 sui.

997 1393 1082 1432 Styx
1096 1402 1177 1422 saera
1200 1393 1233 1422 id
1259 1394 1411 1423 clauserat
1425 1403 1511 1424 muro
1527 1393 1645 1433 triplici
1660 1395 1694 1424 in

232 1437 308 1467 lucis
322 1435 423 1475 opacis
430 1435 521 1473 jussu
537 1436 634 1465 trium
663 1435 847 1464 Parcarum.
893 1433 968 1463 Sors
994 1437 1075 1472 erat,
1095 1434 1201 1469 illum,
1218 1434 1271 1472 qui
1286 1434 1464 1465 immisisset
1478 1435 1604 1474 ignibus
1620 1440 1696 1467 exta

232 1478 316 1509 tam-i
339 1478 500 1516 adolenda,
522 1486 610 1516 posse
633 1485 778 1517 superare
801 1476 885 1506 Deos
907 1476 1109 1506 immortales.
1153 1475 1307 1506 Briarcus
1331 1480 1448 1508 mactat
1469 1477 1548 1508 hunc
1568 1477 1693 1517 bipenni

845 1568 980 1580 eeeeeee

985 1568 1080 1580 eeeee

235 1638 415 1676 Hoec,sicut
429 1637 676 1668 memini.-793
703 1636 755 1667 Ex
773 1645 838 1666 uno
855 1635 950 1667 Med.
966 1639 1000 1666 et
1017 1645 1084 1666 uno
1101 1636 1138 1666 F.
1163 1636 1281 1667 Heins.
1305 1636 1425 1668 suadet
1440 1638 1606 1677 proclinis:
1630 1638 1697 1669 Ur-

234 1683 295 1713 sin.
319 1682 417 1712 Voss.
435 1690 485 1721 pr.
506 1679 545 1710 A.
564 1681 664 1717 Lami,

688 1689 738 1719 pr.
764 1680 801 1709 F.
823 1678 992 1719 proclivis-5
1014 1679 1112 1709 multi
1129 1689 1171 1709 ex
1188 1679 1322 1718 scriptis
1338 1680 1490 1717 declinis,·
1512 1685 1547 1711 et
1563 1681 1700 1721 plurimi

236 1725 317 1755 editi
331 1724 577 1755 declivia—794
602 1722 669 1753 Alii
687 1722 842 1752 scribunt
860 1721 999 1751 Milvius.
1035 1722 1128 1751 'Punc
1147 1721 1279 1752 emend.
1296 1722 1445 1762 Scaliger
1458 1723 1523 1753 haec
1537 1723 1602 1754 ima
1617 1727 1699 1754 noct.

236 1768 351 1798 Helm.
368 1766 472 1796 habet
488 1765 546 1796 tibi
564 1775 624 1805 pro
641 1767 843 1796 venit—795
871 1764 910 1795 P.
926 1769 961 1794 et
978 1763 1044 1794 duo
1061 1764 1116 1795 alii
1133 1765 1180 1794 vis
1193 1774 1371 1804 agnoscere,
1385 1767 1560 1796 caea—796
1582 1765 1652 1796 Alii
1667 1766 1697 1797 A

234 1811 414 1841 ‹lom—797
440 1809 496 1838 Fr.
515 1809 607 1839 Cone.
625 1808 721 1838 iratos
736 1808 797 1837 val.
838 1806 974 1836 Deinde
991 1806 1033 1836 A.
1051 1811 1121 1836 tres
1140 1806 1269 1838 Arund.
1287 1811 1322 1838 et
1338 1813 1484 1848 quatuor
1499 1807 1556 1838 alii
1569 1809 1610 1839 ad
1620 1817 1699 1840 arm.

235 1855 341 1884 —798
366 1852 442 1882 Duo
459 1850 534 1880 libri
554 1851 661 1890 Quoeq.
678 1850 718 1880 sit
736 1849 845 1887 insat.
868 1849 989 1879 Heius.
1006 1850 1092 1889 conj.
1112 1849 1219 1889 Quaeq.
1236 1849 1370 1886 sibisat.
1396 1850 1479 1880 Mox
1496 1850 1580 1882 Cod.
1596 1851 1700 1889 Laeti,

237 1899 272 1926 et
289 1895 344 1925 alii
365 1900 434 1925 tres
448 1893 578 1928 dedita5
602 1893 723 1924 Heius.
740 1897 839 1933 putat
857 1896 893 1922 et
907 1892 991 1922 edita
1008 1901 1108 1932 posse
1125 1891 1202 1932 legi.
1226 1892 1309 1922 Mox
1324 1893 1423 1934 poscit
1440 1902 1483 1923 ex
1494 1893 1582 1923 Maz.
1597 1893 1697 1925 Voss.

239 1937 369 1969 Arund.
386 1946 438 1978 pr.
454 1936 497 1966 A.
515 1940 551 1966 et
564 1936 601 1967 F.
619 1935 675 1966 alii
699 1937 919 1967 tentat.—801
946 1934 987 1965 P.
1014 1935 1074 1966 luc.
1098 1935 1267 1965 induxerat
1282 1937 1454 1966 ann—802
1477 1934 1520 1966 P.
1545 1938 1582 1966 et
1597 1935 1698 1967 Cant.

900 2047 1039 2079 NOTAE

281 2133 344 2161 793
368 2130 570 2171 Lycaoniam]
594 2132 716 2162 Ursam
743 2141 809 2162 non
837 2133 941 2162 semel

240 2179 407 2221 Lycaonis
436 2179 538 2210 filiam
569 2179 673 2211 fuisse
705 2180 862 2218 diximus,
887 2189 944 2210 no-

240 2230 329 2261 mine
341 2230 560 2260 Callistonem
575 2231 767 2270 priusquam
784 2229 816 2259 in
833 2228 943 2259 feram

240 2284 441 2318 mutaretur,
467 2284 537 2310 tum
567 2280 601 2310 in
631 2280 753 2310 coelum
781 2277 941 2310 transfer-

242 2334 348 2361 retur.

288 2380 398 2419 Vergit
412 2379 574 2420 proclinis]
606 2380 646 2410 In
662 2378 942 2420 Septemtrionali

243 2433 296 2460 est
313 2430 388 2460 coeli
406 2436 517 2470 parte.

284 2482 347 2510 794
364 2479 496 2519 Miluus]
512 2480 594 2510 Avis
613 2480 850 2520 rapacissima3
869 2489 943 2520 quae

243 2529 377 2570 quidem
400 2530 499 2560 hodie
529 2541 559 2560 ιι]
583 2531 690 2560 stellis
706 2540 770 2561 non
790 2539 944 2561 recense-

244 2584 319 2610 tur:
355 2579 410 2610 alii
441 2580 617 2610 Vultur-ein
651 2580 833 2610 cadentem
861 2590 945 2619 esse,

243 2629 299 2660 alii
316 2628 473 2670 Aquilam
491 2636 548 2660 aut
565 2631 717 2670 Cycnum
733 2630 861 2661 volunt.

291 2680 429 2711 videnda
458 2680 558 2720 veuit]
604 2680 727 2711 Oritur
754 2689 944 2720 acronyce:

247 2739 313 2761 non
326 2729 465 2771 occidit,
478 2731 638 2772 utinepte
652 2730 838 2762 inculcavit
852 2731 949 2763 Com-

245 2785 428 2813 mentator.

1039 2135 1101 2163 795
1126 2132 1277 2172 Dederit]
1295 2132 1394 2163 Inter
1410 2131 1524 2163 sidera
1543 2141 1702 2173 reposue-

996 2188 1053 2211 rit.

1040 2232 1101 2259 797
1128 2229 1248 2269 Iratus]
1271 2230 1447 2270 Saturnus,
1473 2231 1545 2262 scil.
1573 2242 1592 2263 a
1612 2231 1700 2264 Jove

996 2279 1065 2310 filio
1081 2280 1210 2310 coelesti
1226 2289 1329 2320 regno
1346 2280 1515 2320 dejectus.

1041 2329 1186 2369 Titanas]
1210 2330 1377 2370 Gigantes
1393 2331 1701 2371 intellige,'l'itanis

999 2390 1037 2410 ac
1057 2381 1170 2410 Terrae
1194 2379 1294 2420 filios,
1310 2382 1417 2422 quiin
1444 2382 1568 2413 Jovem
1592 2382 1702 2414 insur-

1000 2434 1170 2460 rexerunt.
1453 2469 1459 2474 ⁹

1041 2482 1103 2509 798
1129 2480 1220 2510 Fatis
1234 2479 1354 2519 debita]
1389 2481 1556 2513 Quaenam
1581 2480 1699 2522 fuerit,

999 2529 1152 2560 biformis
1185 2530 1271 2559 tauri
1305 2530 1535 2561 immolatione
1573 2541 1616 2561 ex
1652 2541 1704 2563 se-

1001 2578 1180 2619 quentibus
1198 2579 1388 2619 intelliges:
1414 2580 1490 2620 lege
1506 2580 1616 2612 modo.

1044 2632 1105 2660 802
1129 2629 1228 2670 Styx]
1253 2630 1355 2660 Palus
1382 2629 1515 2662 inferna
1545 2632 1704 2663 irremea-

1001 2679 1078 2711 bilis
1095 2684 1131 2710 et
1147 2680 1361 2712 inviolabilis.

1045 2733 1107 2761 804
1130 2729 1207 2760 Sors
1221 2729 1304 2769 erat]
1327 2730 1400 2761 Scis
1410 2730 1482 2770 jam
1498 2740 1564 2772 qua
1579 2730 1623 2764 de
1637 2740 1704 2773 ope

1002 2779 1080 2812 fatis
1096 2780 1214 2812 debita
1227 2781 1362 2812 locutus
1376 2780 1422 2812 sit
1438 2781 1543 2813 Naso.

1749 3065 1759 3121 *ἧς
