1773 3121
249 226 362 266 1716

741 235 781 263 P.
814 233 971 263 OVIDH
1003 232 1215 264 NASONIS

255 330 398 370 Morte
418 332 565 370 carent
585 328 766 369 animae:
800 341 1069 381 semperque,
1091 329 1233 381 priore
1257 328 1410 367 relicta,

255 395 384 445 Sede,
404 396 531 436 novis
551 395 749 435 habitant
770 394 989 441 domibus,
1010 394 1245 447 vivuntque
1264 397 1472 447 receptae.

255 462 358 515 Ipse
378 475 458 514 ego
479 461 599 515 (nam
621 459 817 514 memini)
835 460 1018 513 Trojani
1039 463 1229 513 tempore
1248 461 1350 501 belli

1613 461 1699 502 160

252 527 518 569 Panthoides
539 527 796 580 Euphorbus
818 540 956 567 eram:
988 528 1059 567 cui
1080 533 1254 580 pectore
1276 528 1493 582 quondam

252 650 388 678 vetustas
402 646 481 678 tabe.
526 646 650 678 Anima>
663 656 723 677 non
738 646 914 677 moriuntur
922 657 933 682 ,·
957 648 988 676 et
1002 655 1129 686 semper,
1153 646 1259 686 priore
1274 646 1462 678 habitatione
1476 646 1598 686 omissa,
1620 646 1699 678 reci-

252 691 383 729 piuntur
397 690 482 720 novis
496 689 630 728 sedibus,
655 693 686 720 et
710 693 839 729 recepta>
863 688 929 719 vita
945 687 1108 725 fruuntur.

1155 689 1225 728 Ego
1247 689 1322 728 ipse,
1349 699 1420 720 nam
1442 690 1594 727 recordor,
1615 698 1701 719 emm

260 731 441 771 Euphorbus
456 732 647 762 Panthoides
660 735 794 772 tempore
818 731 889 762 belli
906 730 1045 771 Trojam,
1065 732 1098 761 in
1113 731 1198 770 cujus
1209 735 1333 772 pectore
1346 733 1472 762 adverso
1492 732 1596 762 valida
1610 731 1701 762 hasta

856 813 991 826 eeeeeee

994 813 1090 825 ὀὀὀὀ

254 869 316 898 159
331 867 399 898 Pro
415 868 494 899 Sede
509 878 593 899 unus
609 869 699 900 Μοι·.
717 869 808 908 Sepe,
822 868 910 909 quod
926 877 988 907 pro
999 872 1110 907 septo,
1123 870 1181 898 aut
1196 868 1357 906 claustro,
1372 867 1573 907 capiendum
1587 869 1699 904 esset3

255 915 293 939 ut
321 910 368 940 ita
394 920 515 949 corpus
549 920 653 941 carcer
679 911 798 941 animae
824 914 977 940 vocatur.
1011 910 1201 940 Mitscherl.
1218 910 1351 940 inverso
1376 909 1496 940 ordine
1520 911 1600 940 dom.
1630 908 1700 939 hab.

255 952 405 982 Berolin.
423 953 525 983 etiam
541 952 679 984 domibus
694 952 816 983 inhiant
831 951 1004 990 habitantq.
1019 954 1186 982 rea—160
1209 951 1250 982 V.
1265 951 1334 989 jam
1356 954 1551 982 mem—161
1575 950 1618 982 In
1635 950 1702 981 Be-

900 1045 1043 1079 NOTAE

295 1119 356 1148 158
382 1117 512 1157 Carent]
535 1117 644 1148 Immo
666 1116 859 1157 gravissima
878 1121 947 1148 tor-

256 1171 414 1208 quentur,
424 1177 498 1207 quae
515 1171 655 1204 aeterna,
667 1167 863 1207 Pythagora
874 1167 946 1207 ipso

252 1215 455 1254 confitente;
479 1226 538 1247 sua
554 1227 650 1247 sacra
673 1226 765 1257 aura,
785 1227 843 1247 sua
859 1217 947 1256 luce,

253 1275 312 1296 sua
336 1265 407 1296 vita
436 1266 509 1296 Deo
536 1271 588 1297 ter
613 1267 755 1307 Optimo
783 1267 945 1306 Maximo,

252 1314 340 1355 quod
367 1314 409 1345 ad
441 1315 512 1345 illas
538 1320 675 1355 spectat
702 1315 945 1346 destituuntur.

251 1363 541 1397 Quemadmodum
555 1365 747 1405 arbor‚quae
761 1369 860 1395 terrae
874 1374 946 1395 suc-

251 1423 325 1445 cum
343 1423 408 1444 non
425 1414 566 1453 amplius
577 1414 714 1454 digerit,
732 1418 864 1444 mortua
881 1418 946 1452 est,

253 1467 437 1504 utcumque
468 1463 500 1493 in
531 1473 571 1493 eo
609 1467 725 1501 natet;
759 1463 809 1493 ita
843 1463 945 1493 etiam

250 1517 381 1544 mentes
401 1514 570 1544 hominum
594 1514 808 1554 quantumvis
828 1514 861 1544 in
879 1513 946 1543 Dei

252 1562 436 1602 Majestate
463 1563 651 1603 perdurent
675 1564 776 1595 morti
800 1563 945 1595 terribili

252 1616 331 1643 sunt
372 1611 525 1642 obnoxiae
563 1618 739 1653 postquam
783 1614 944 1653 originem

249 1671 341 1693 suam
352 1662 588 1693 deseruerunt.
608 1663 838 1704 Quaecumque
852 1673 944 1694 suam

253 1721 320 1742 non
337 1711 468 1743 faciunt
493 1712 716 1743 substantiam
740 1712 880 1744 Arboris
899 1712 945 1743 vi-

251 1767 310 1801 tae,
332 1772 390 1794 seu
418 1762 520 1803 Agni,
546 1764 603 1804 qui
620 1763 708 1794 idem
727 1768 799 1802 est;
824 1765 890 1794 illae
914 1763 947 1794 in

251 1812 400 1844 tenebris
416 1818 517 1853 atque
545 1813 608 1843 Dei
635 1814 684 1845 ira
711 1814 784 1844 sine
805 1813 873 1844 fine
894 1813 949 1844 de-

253 1867 346 1903 gent.
388 1865 497 1896 Quam
514 1864 682 1894 miseriam
698 1864 785 1894 faxit
800 1864 892 1893 Deus
909 1867 947 1893 ut

251 1922 271 1943 a
285 1912 379 1943 nobis
399 1913 594 1947 studeamus
615 1917 783 1951 avertere,
798 1911 946 1951 Agnum‚

250 1962 329 1992 dum
359 1962 450 1999 licet,
478 1961 666 1992 castissimo
696 1971 807 1992 amore
833 1970 947 2001 prose-

250 2010 396 2051 quendo.
429 2003 432 2006 ’

295 2062 356 2091 159
379 2060 545 2099 Domilms]
568 2060 806 2100 Commigratio
821 2060 946 2090 anima-

252 2119 326 2141 rum
343 2110 384 2139 de
401 2120 543 2149 corpore
561 2110 593 2140 in
610 2119 742 2149 corpus,
757 2119 814 2140 seu
836 2121 946 2148 μετεμ-

251 2157 399 2199 ψὺχωσις,
414 2169 512 2197 quam
529 2159 571 2189 ab
588 2159 756 2199 AEgyptiis
775 2165 945 2190 mutuatus

250 2211 325 2240 erat
339 2208 562 2249 Pythagoras,
575 2218 625 2239 res
641 2214 694 2239 est
709 2209 864 2249 equidem
878 2218 946 2239 om-

251 2257 329 2289 nino
357 2267 454 2295 vana,
479 2268 576 2298 quam
612 2269 721 2299 neque
755 2259 945 2290 testimonio

250 2307 384 2346 idoneo,
400 2318 508 2349 neque
530 2309 752 2348 experientia,
766 2319 874 2350 neque
895 2319 944 2341 ra-

250 2358 343 2390 tione
372 2358 548 2398 quisquam
584 2359 690 2398 possit
714 2359 945 2398 comprobare.

250 2406 299 2438 At
314 2407 402 2438 enim
420 2416 484 2438 non
501 2418 608 2446 pauca
620 2408 715 2439 bonae
732 2408 848 2448 frugis,
864 2409 943 2440 inde

252 2457 361 2498 petita
390 2458 580 2495 occasione,
610 2458 852 2498 expiscabitur,
887 2460 942 2500 qui

250 2507 351 2538 altius
364 2507 457 2537 circa
472 2517 647 2547 corporum
662 2509 942 2539 resurrectionem

252 2556 433 2588 meditatus
449 2557 564 2595 fuerit,
579 2558 742 2597 quomodo
764 2559 944 2598 impleatur

253 2607 343 2638 istud
358 2609 445 2647 quod
472 2612 614 2637 instatur
627 2608 772 2646 Spiritus
787 2609 943 2645 Sanctus,

252 2662 368 2688 nostra
381 2667 439 2687 nos
455 2658 548 2697 sequi
564 2667 676 2697 opera.
714 2658 868 2698 Namque
886 2668 944 2698 pro

252 2711 349 2738 certo
365 2706 592 2746 transfigurati
618 2713 794 2747 postquam
822 2717 944 2747 corpus

252 2755 390 2796 Ψυχικόν
418 2756 623 2796 exuerimus,
664 2755 871 2795 Πνευματικὸν
897 2756 945 2787 in-

1002 1116 1187 1154 duerimus,
1211 1119 1393 1156 utcumque
1416 1125 1460 1146 ex
1483 1113 1602 1146 eadem
1624 1112 1702 1145 snb·

1001 1167 1138 1207 stantia,
1153 1167 1203 1198 ita
1215 1172 1330 1197 tamen
1343 1166 1512 1197 diversum
1528 1164 1702 1197 videbitur

1002 1215 1133 1246 Animae
1165 1220 1287 1246 nostrae.
1319 1215 1538 1254 domicilium,
1566 1218 1605 1245 ut
1627 1215 1700 1254 jam

1001 1267 1100 1307 quale
1116 1275 1189 1296 esse
1213 1266 1318 1305 possit
1332 1265 1386 1295 vix
1401 1265 1500 1295 aliter
1516 1274 1614 1305 quam
1630 1273 1702 1294 sus·

1002 1317 1147 1356 picando
1164 1317 1412 1357 pertingamus:
1437 1319 1476 1346 ut
1498 1315 1617 1346 mirum
1634 1323 1701 1345 non

1001 1367 1045 1396 sit
1066 1366 1321 1405 grunnientibus
1336 1366 1371 1396 in
1395 1366 1466 1396 luto
1491 1365 1602 1405 porcis
1625 1365 1700 1395 haec

1001 1416 1114 1446 omnia
1130 1416 1235 1447 aniles
1253 1425 1337 1454 esse,
1353 1425 1434 1457 quas
1459 1419 1633 1455 spernant,
1651 1413 1701 1445 sa-

1000 1467 1108 1498 bulas.
1139 1466 1309 1507 Siquidem
1326 1470 1439 1497 tamen
1455 1476 1497 1496 ex
1514 1466 1578 1495 illis
1595 1464 1702 1505 aliqui

999 1516 1058 1547 has
1083 1517 1202 1556 legunt
1224 1516 1442 1557 Pythagorae,
1464 1515 1580 1546 hortor
1609 1513 1701 1554 cogi-

1000 1570 1087 1605 tent,
1104 1566 1184 1607 quid
1202 1565 1266 1596 sibi
1281 1576 1300 1596 a
1313 1564 1521 1596 daemonibus
1545 1568 1697 1594 metuen-

999 1616 1090 1655 dum,
1116 1615 1173 1656 qui
1202 1615 1360 1655 sepulcra
1386 1617 1489 1654 atque
1513 1612 1700 1644 immundo-

1000 1675 1071 1696 rum
1096 1673 1274 1705 porcorum
1301 1672 1446 1704 corpora
1475 1666 1590 1694 amant
1612 1662 1701 1694 obsi-

1001 1715 1093 1745 dere.

1048 1764 1177 1804 Vivant]
1198 1764 1237 1795 In
1265 1773 1408 1804 corpore
1431 1763 1549 1793 vivunt
1572 1762 1700 1802 cogita-

1001 1813 1131 1844 tionum
1147 1823 1206 1844 seu
1222 1813 1373 1844 idearum
1390 1822 1535 1852 suarum,
1555 1821 1618 1852 per
1631 1811 1699 1843 Dei

1001 1863 1269 1893 misericordiam
1286 1863 1340 1894 vel
1366 1863 1463 1902 iram,
1479 1872 1553 1893 curn
1571 1861 1700 1901 angelis

1000 1913 1054 1942 vel
1080 1912 1232 1951 diabolis,
1258 1922 1480 1952 quaecumque
1505 1912 1625 1943 animae
1653 1911 1697 1949 ab

1000 1961 1050 1990 his
1081 1961 1178 1991 terris
1209 1961 1344 1991 omnino
1383 1964 1534 1999 semotae,
1563 1960 1697 1992 sublato

999 2020 1083 2048 aevo,
1109 2009 1336 2040 aeternitatem
1364 2010 1614 2050 adipiscuntur3
1640 2010 1698 2041 do-

999 2070 1063 2091 nec
1089 2060 1241 2100 corporis
1272 2061 1350 2091 olim
1376 2060 1427 2091 sui
1445 2060 1638 2092 substantia
1652 2059 1696 2092 de

998 2119 1084 2140 novo
1117 2119 1177 2149 per
1204 2110 1349 2149 supremi
1377 2109 1522 2140 numinis
1546 2113 1696 2150 potesta-

998 2165 1080 2197 tem,
1091 2159 1273 2190 secundum
1287 2160 1322 2190 id
1338 2160 1426 2199 qnod
1443 2160 1527 2191 bene
1544 2161 1597 2191 vel
1609 2160 1696 2192 male

999 2220 1071 2240 sese
1084 2210 1179 2250 ipsae,
1196 2211 1426 2251 obsequendo,
1444 2211 1496 2241 vel
1512 2220 1695 2250 aspernan-

998 2259 1053 2300 do,
1065 2258 1246 2298 finxerunt,
1260 2260 1471 2292 restituatur.
1504 2260 1695 2302 Unicuique

999 2319 1060 2350 per
1083 2311 1167 2340 hanc
1196 2310 1296 2341 vitam
1323 2309 1434 2340 aditus
1463 2311 1504 2341 ad
1532 2315 1694 2343 aeternam

999 2364 1137 2399 paratur
1154 2359 1186 2389 in
1203 2368 1361 2399 corpore,
1376 2360 1466 2400 quod
1483 2360 1572 2391 aliud
1589 2365 1693 2402 atque

998 2409 1088 2440 aliud
1119 2419 1178 2449 pro
1216 2410 1346 2440 ratione
1377 2411 1527 2450 pristinae
1559 2411 1694 2443 virtutis

998 2464 1055 2489 aut
1069 2458 1244 2489 dedecoris
1261 2469 1279 2489 a
1292 2459 1365 2489 Deo
1381 2460 1599 2492 excitabitur.
1628 2460 1692 2492 Ille

998 2508 1150 2539 nimirum
1168 2508 1288 2545 cuique
1304 2509 1486 2539 secundum
1503 2510 1573 2550 ejus
1588 2519 1694 2550 opera.

998 2557 1174 2588 retribuet.
1205 2557 1329 2587 Verum
1346 2562 1380 2588 et
1397 2558 1447 2588 1·ae
1463 2564 1541 2589 sunt
1554 2559 1692 2599 fabulae,

997 2606 1159 2646 siquidem
1178 2606 1327 2645 plurimis
1339 2616 1403 2637 non
1421 2608 1570 2646 placent,
1582 2608 1692 2649 quoad

997 2657 1147 2686 luctuosa
1173 2665 1233 2685 sua
1259 2656 1468 2696 experientia
1493 2657 1691 2699 comproba-

997 2706 1120 2737 verint.

1042 2758 1102 2788 161
1126 2755 1328 2796 Panthoides]
1373 2754 1453 2788 Non
1486 2756 1558 2789 sine
1591 2765 1693 2789 causa
