1773 3121
201 199 325 243 «2206
675 211 928 247 ‚P„ov}Du
961 212 1175 244 NAsonis

712 507 1038 557 ELEGIA
1094 509 1167 556 ll.

762 669 1124 702 ARGUMENTUM.

214 767 257 799 IN
275 766 410 798 exilium
431 765 648 806 proficiscens
664 766 790 805 Poeta,
806 767 952 805 jubente
975 767 1146 807 Augusto,
1171 766 1468 808 deprehensusque
1494 766 1527 797 in
1552 765 1663 799 medio

256 819 354 859 mari,
368 818 592 858 fluctibusque
616 826 714 857 paene
736 817 891 856 obrutus„
908 818 1002 848 Deos
1019 824 1190 858 precatur,
1204 824 1240 850 ut
1256 820 1320 861 ipsi
1336 820 1455 851 saltem
1472 820 1666 860 ignoscant,

256 882 319 903 nec
336 881 412 903 cum
429 871 565 902 Caesare
580 870 689 910 ipsum
704 868 857 901 funditus
870 870 1027 910 perdant.
1052 871 1248 912 Probatque
1262 874 1375 904 multis
1390 873 1554 913 exemplis
1565 881 1665 913 posse

256 934 313 956 eos
330 924 364 955 id
381 922 506 954 facere.
529 923 708 954 Describit
726 922 849 953 deinde
867 927 1132 964 tempestatem:
1157 928 1229 956 tum
1253 925 1344 957 Deos
1369 930 1542 967 precatur,
1564 929 1602 957 ut
1628 934 1664 956 se

252 977 454 1009 incolumem
472 977 515 1008 ad
530 977 680 1009 Tomitas
698 975 898 1017 perducant.

214 1082 297 1139 DI
320 1099 456 1140 maris
477 1102 521 1140 et
538 1100 657 1149 coeli,
687 1098 816 1154 (qnid
836 1098 949 1139 enim
969 1097 1053 1138 nisi
1071 1101 1177 1139 vota
1196 1096 1483 1153 supersunt'?)

270 1166 450 1207 Solvere
471 1171 693 1221 quassatae
716 1167 883 1221 parcite
905 1167 1099 1207 membra
1116 1166 1251 1207 ratis:

214 1233 360 1283 Neve,
377 1247 548 1287 precor,
570 1234 718 1285 magni
738 1233 999 1272 subscribite
1020 1232 1211 1273 Caesaris
1231 1233 1322 1274 irae.

270 1301 417 1353 Saepe,
437 1304 656 1353 premente
679 1300 790 1346 Deo,
812 1299 893 1337 fert
913 1299 1038 1337 Deus
1060 1300 1165 1338 alter
1186 1312 1331 1351 opem.

212 1365 435 1406 Mulciber
455 1365 501 1405 in
521 1363 717 1416 Trojam,
739 1376 819 1416 pro
840 1362 974 1416 Troja.
991 1363 1141 1403 stabat
1160 1362 1323 1417 Apollo
1341 1378 1351 1405 t
1639 1367 1666 1406 5

272 1432 419 1485 AEqua
439 1431 594 1473 Venus
615 1430 810 1480 Teucris,
832 1429 985 1470 Pallas
1007 1430 1176 1484 iniqua,
1197 1430 1292 1472 fuit.

213 1499 379 1541 Oderat
400 1500 573 1540 AEnean
594 1499 772 1552 propior
792 1498 999 1539 Saturnia
1017 1498 1167 1539 Turno
1185 1513 1195 1551 ;

270 1567 354 1608 Ille
376 1571 521 1608 tamen
543 1566 728 1606 Veneris
750 1566 922 1607 numine
944 1569 1060 1607 tutus
1079 1570 1182 1608 erat.

254 1675 314 1706 Dii
329 1675 424 1706 maris
437 1678 467 1706 et
482 1675 561 1715 coezi,
578 1674 767 1715 (quid‘enim
782 1676 845 1706 nisi
858 1685 961 1715 preces
976 1679 1096 1707 restant
1107 1674 1146 1716 ?)
1160 1676 1255 1708 nolite
1271 1675 1447 1716 disjungere
1458 1678 1566 1717 partes
1580 1677 1668 1708 navis

210 1719 346 1760 affiictoe.
390 1719 472 1757 Neu,
487 1728 599 1758 quaeso,
606 1718 708 1756 facite
726 1728 793 1748 cum
809 1719 858 1749 ira
876 1719 1030 1749 Caesaris.-
1053 1729 1133 1760 soepe
1149 1719 1218 1750 Deo
1233 1720 1334 1760 aliquo
1348 1722 1477 1757 urgente
1488 1719 1567 1750 alius
1581 1720 1668 1751 Deus

211 1763 296 1792 adest
314 1761 346 1791 in
362 1760 524 1791 auxilium.
575 1760 727 1792 Vulcanus
751 1761 909 1791 nitebatur
932 1763 1076 1792 adversus
1105 1762 1239 1801 Trojam,
1264 1762 1373 1802 Apollo
1391 1761 1520 1799 favebat
1539 1761 1641 1800 Trojae
1655 1772 1665 1792 .·

215 1803 315 1834 Venus
332 1802 401 1841 fuit
414 1804 551 1844 propitia
580 1803 731 1842 Trojanis,
747 1804 854 1834 Pallas
877 1803 1008 1842 infensa.
1065 1805 1227 1844 Saturnia,
1251 1805 1366 1844 aequior
1396 1805 1512 1843 Turno,
1537 1803 1667 1835 habebut

212 1846 334 1878 AEnean
358 1846 446 1877 odio.-
470 1847 522 1877 ille
537 1849 640 1877 tamen
665 1850 733 1877 erat
748 1856 872 1877 securus
884 1847 1025 1887 potentia
1045 1848 1178 1879 Veneris.
1222 1847 1312 1888 Saepe
1327 1848 1494 1888 Neptunus
1508 1849 1602 1878 atrox
1616 1846 1665 1877 in-

821 1926 859 1936 Ν

255 1978 274 2006 2
297 1975 393 2006 Serv.
406 1985 496 2015 parc.
519 1976 585 2006 vela
609 1978 737 2006 rat.—3
761 1975 830 2006 Pro
847 1975 955 2015 magni
978 1976 1058 2008 Jun.
1082 1980 1119 2007 et
1144 1976 1323 2007 duodecim
1349 1976 1405 2007 alii
1432 1985 1509 2007 cnm
1534 1974 1666 2015 Gryph.

210 2017 350 2058 aliisque
367 2018 455 2049 Edd.
472 2028 603 2057 magnoe.
627 2018 714 2048 Tum
739 2018 888 2048 subsidite
906 2019 985 2049 olim
1011 2018 1115 2049 Barb.
1140 2019 1326 2050 succumbite
1342 2018 1458 2050 Comb.
1473 2022 1509 2049 et
1535 2017 1666 2047 subscri-

210 2059 271 2090 bite
286 2060 368 2091 iram
393 2061 547 2091 Mon—5
573 2062 729 2093 Quatuor
753 2061 872 2101 scripti
901 2060 1052 2099 Illulct‘fhr
1066 2061 1100 2092 in
1118 2061 1202 2100 Troj.
1225 2061 1307 2092 Jun.
1325 2066 1360 2092 et
1375 2070 1458 2092 unus
1474 2061 1514 2091 R.
1527 2058 1666 2099 Jupiter.

867 2147 1006 2177 NOTAE

252 2219 269 2246 l
310 2216 429 2256 Maris]
479 2217 521 2247 In
559 2216 676 2257 quibus
714 2216 909 2255 Neptunus,
964 2215 1051 2246 tenti
1063 2215 1175 2246 omnia
1187 2219 1265 2246 sunt
1280 2225 1451 2246 concessa.

208 2265 354 2306 Nereus,
369 2266 539 2305 Oceanus,
555 2267 717 2304 Glaucus,
734 2268 797 2297 &c.
1007 2269 1025 2295 5
1066 2265 1236 2304 Mulciber]
1275 2266 1447 2297 Vulcanus
1484 2274 1543 2296 seu
1575 2265 1663 2306 ignis

255 2315 346 2356 Coeli]
371 2316 522 2356 Jupiter,
547 2315 685 2356 Apollo,
707 2315 911 2354 Mercurius,
965 2315 1091 2346 ferrum
1109 2316 1273 2346 mulcens.

207 2368 272 2397 διο.
1007 2365 1132 2406 Apollo]
1160 2366 1297 2406 Quippe
1318 2366 1374 2406 qui
1403 2375 1478 2397 cum
1501 2365 1665 2406 Neptuno

250 2418 270 2445 4
295 2415 388 2455 Fert]
418 2416 612 2447 Ridiculum
630 2416 799 2458 equidem,
814 2417 909 2447 Deos
965 2416 1138 2457 ejusurbis
1148 2416 1456 2457 posueratmoenia:
1473 2425 1664 2457 quanquam

208 2464 274 2496 sibi
289 2464 437 2495 invicem
462 2467 653 2506 oppositos!
680 2467 839 2497 Ceterum
861 2466 910 2497 ita
964 2469 1016 2498 hic
1034 2468 1194 2498 morosior
1209 2467 1370 2497 adversus
1381 2466 1549 2506 Trojanos
1559 2466 1665 2497 maxi-

206 2518 447 2555 attemperatoe
481 2522 557 2546 sunt
596 2522 707 2547 tamen
741 2517 809 2547 veri
839 2516 907 2547 Dei
965 2528 1015 2548 me
1033 2517 1108 2548 fuit.

206 2564 354 2596 virtutes
380 2566 467 2595 inter
497 2576 544 2602 se,
568 2572 603 2596 ut
634 2576 742 2606 neque
764 2570 907 2605 pereant
1004 2571 1024 2598 6
1052 2567 1170 2606 Pallas]
1206 2565 1283 2605 Ipsa
1298 2566 1415 2596 Venus
1434 2565 1507 2596 AEn.
1522 2574 1561 2597 11.
1578 2575 1598 2597 a
1612 2576 1662 2598 vs.

207 2624 323 2646 omnes
356 2625 439 2655 qnos
464 2615 600 2654 justitia
637 2617 722 2645 male
762 2615 906 2654 perdere
961 2620 1034 2648 610.
1059 2617 1173 2647 AEneae
1198 2626 1256 2647 suo
1280 2615 1468 2654 Palladem,
1481 2615 1663 2656 Junonem,

206 2664 359 2695 festinat.
405 2664 605 2694 Praesidium
630 2665 725 2695 nobis
746 2664 905 2695 adversus
965 2667 1175 2707 Neptunum,
1203 2667 1325 2698 ,lovem
1363 2666 1474 2706 ipsum
1511 2667 1663 2698 ostendit

206 2713 299 2745 illam
325 2715 457 2754 paravit
480 2714 722 2754 misericordia,
746 2715 844 2746 modo
866 2725 908 2746 ne
963 2717 1091 2749 Urbem
1108 2717 1244 2756 Trojam
1261 2721 1431 2747 eruentes.

207 2763 251 2796 ad
266 2768 452 2797 extremum
464 2764 547 2796 iram
558 2764 774 2797 solicitemus.
798 2765 909 2797 Poeni-
1005 2770 1024 2798 7
1039 2766 1202 2808 Saturnia]
1221 2767 1243 2799 J
1248 2776 1312 2799 uno
1323 2766 1660 2800 Saturnifilia'rurno
