1773 3121
410 209 880 243 METAMORPHOSEON
917 209 1012 240 mn.
1048 211 1154 242 xn’.
1400 201 1514 243 1689

59 307 213 350 Dixit:
245 311 289 349 et
306 307 362 348 ad
382 310 549 360 postes,
571 307 748 345 ornatos
769 317 892 357 saepe
916 305 1111 355 coronis,

58 374 301 417 Humentes
320 373 472 415 oculos
493 376 537 413 et
556 372 719 426 pallida
740 372 918 413 brachia
938 373 1135 423 tendens,

57 441 168 483 Cum
188 443 351 483 foribus
370 440 517 494 laquei
538 440 738 493 religaret
753 439 934 480 vincula
953 442 1110 481 summi
1128 455 1139 492 ;

58 509 174 550 Haec
193 509 273 549 tibi
293 513 405 549 serta
426 509 620 561 placent,
643 508 830 549 crudelis
853 512 898 549 et
917 508 1086 561 impia‘t
1120 509 1248 551 dixit.

57 576 330 628 Inseruitque
349 579 498 628 caput,
517 575 596 616 sed
617 579 706 616 tum
729 589 902 630 quoque
922 589 1071 616 versus
1093 576 1151 618 ad
1171 577 1316 618 illam:

58 642 201 696 Atque
218 655 329 683 onus
348 643 501 684 infelix
521 643 634 684 elisa
651 643 779 685 fauce
799 644 1019 698 pependit.

57 709 156 752 Icta
176 709 335 764 pedum
355 714 475 751 motu
495 711 796 764 trepidantum
816 715 862 752 ut
882 712 1019 752 multa
1039 715 1278 764 gementem

57 776 172 818 Visa
192 777 366 818 dedisse
387 791 536 819 sonum
560 783 642 828 est,
665 778 963 833 adapertaque
977 780 1115 834 janua
1134 779 1302 822 factum

57 844 278 886 Prodidit:
309 846 559 888 exclamant
577 847 744 897 famuli,
765 847 1013 901 frustraque
1031 848 1224 889 levatum

55 911 196 966 (Nam
216 917 344 966 pater
363 912 606 967 occiderat)
634 914 826 955 referunt
848 914 905 955 ad
927 915 1080 955 limina
1098 916 1266 956 matris.

58 977 240 1032 Accipit
260 980 337 1020 illa
355 980 467 1031 sinu,
488 981 812 1034 complexaque
830 980 988 1033 frigida
1006 981 1100 1021 nati

1430 781 1516 822 740

59 1147 142 1176 ritae.
187 1146 328 1177 Absolvit
342 1156 352 1181 ;
374 1150 405 1177 et
430 1147 539 1178 tollens
553 1148 652 1178 oculos
665 1147 804 1178 madidos
820 1151 850 1178 et
866 1150 997 1179 lacertos
1008 1148 1160 1188 pallentes
1175 1149 1215 1178 ad
1226 1152 1332 1188 postes
1346 1148 1451 1180 crebro
1467 1151 1520 1181 de-

57 1193 176 1219 comtos
188 1189 293 1226 sertis,
308 1198 375 1218 eum
390 1189 528 1229 affigeret
546 1190 668 1230 laqueos
688 1190 823 1220 extremi
839 1191 931 1228 funis
949 1191 1069 1229 januoe,
1095 1189 1160 1220 Hae
1183 1199 1314 1230 coronae,
1333 1191 1448 1232 inquit,
1462 1192 1522 1223 tibi

56 1233 128 1261 sunt
140 1234 257 1269 grater,
269 1241 348 1261 saera
363 1234 454 1271 atque
467 1232 618 1264 scelesta?
664 1234 768 1273 Atque
783 1233 910 1264 immisit
926 1236 1030 1273 caput,
1043 1234 1095 1263 sed
1118 1236 1185 1264 tum
1200 1233 1295 1264 etiam
1309 1243 1469 1266 conversus
1481 1236 1522 1266 ad

56 1272 161 1304 inam.-
185 1276 213 1304 et
229 1275 346 1313 pondus
362 1275 532 1305 luctuosum
555 1276 701 1315 pependit
727 1285 867 1316 oppresso
883 1276 1010 1315 jugulo.
1057 1276 1161 1307 Portu
1174 1285 1316 1316 percussa
1330 1277 1395 1308 ictu
1408 1278 1522 1317 pedum

57 1315 253 1346 trementium
275 1317 340 1347 risa
357 1320 401 1346 est
426 1317 590 1357 strepitum
606 1317 721 1354 secisse
733 1318 864 1349 similem
878 1319 1016 1358 gementi
1033 1319 1131 1349 multa
1143 1329 1153 1354 ;
1176 1323 1266 1358 atque
1294 1323 1432 1351 reserata
1467 1329 1522 1350 ex-

56 1357 156 1390 hibuit
163 1357 303 1396 facinus.
349 1359 496 1390 ministri
513 1359 735 1400 vociferantur,
749 1364 781 1392 et
796 1365 958 1402 reportant
974 1361 1174 1402 nequicquam
1185 1362 1337 1393 subtatum
1353 1363 1393 1393 ad
1408 1362 1523 1394 ostium

54 1400 244 1440 genitr-ictu
267 1411 338 1433 nam
359 1405 451 1442 pater
467 1406 604 1434 mortuus
625 1407 704 1435 erat.
752 1404 815 1435 Illa
840 1404 954 1445 accipit
977 1405 1008 1435 in
1031 1404 1198 1444 gremium,
1222 1408 1252 1436 et
1269 1405 1411 1446 amplexu
1435 1408 1524 1436 artus

670 1499 906 1512 eeeeeeeeeeee

59 1575 170 1598 remur.
193 1567 290 1600 Unus
306 1569 408 1600 etiam
431 1570 465 1600 in
479 1572 679 1601 annm—733
706 1571 748 1601 Et
764 1570 916 1611 appositis
932 1570 1075 1600 laudatos
1094 1579 1176 1608 soepe
1191 1578 1254 1599 cor.
1269 1567 1365 1598 Leid.
1383 1567 1523 1599 laudatos

59 1608 160 1639 etiam
178 1609 284 1641 Gron.
315 1612 449 1642 laudatis
478 1611 682 1643 Mem—734
707 1612 939 1652 Humentesque
967 1621 1088 1642 novem
1113 1611 1212 1641 libri:
1238 1610 1408 1650 «sitiensque
1427 1609 1524 1650 Sixii,

60 1650 149 1682 unde
166 1651 328 1683 Heinsius
346 1652 493 1684 faciebat
509 1654 705 1693 liventesque.
743 1654 823 1684 Mox
840 1653 975 1694 plurimi
992 1653 1094 1684 brach.
1113 1653 1221 1683 tollens
1236 1662 1247 1688 ,·
1271 1657 1305 1683 et
1324 1662 1409 1683 unus
1428 1651 1523 1684 Med.

60 1697 319 1733 torquem-735
346 1696 493 1727 Beroiin.
513 1696 571 1736 laq.
586 1695 730 1733 religata
747 1706 776 1726 c.
793 1697 929 1727 summis.
955 1695 1077 1726 Summi
1106 1695 1224 1726 Heius.
1249 1695 1392 1734 protulit
1409 1704 1450 1726 ex
1469 1695 1521 1726 Fl.

59 1736 93 1766 S.
109 1736 234 1774 Marci,
251 1744 283 1768 et
297 1738 341 1769 N.
360 1739 447 1777 vulg.
469 1739 715 1769 summis—737
743 1738 834 1769 Leid.
853 1748 931 1769 nune
947 1747 1008 1777 pro
1025 1740 1210 1768 tum—739
1232 1737 1289 1768 Sic
1309 1737 1431 1768 Heius.
1449 1747 1523 1769 cor-

61 1778 173 1817 rexit;
207 1790 283 1810 nam
314 1781 402 1819 vulg.
429 1780 608 1819 legebatur
638 1781 665 1810 I.
694 1790 726 1820 p.
750 1791 791 1810 m.
817 1781 1026 1821 trepidantum
1043 1783 1072 1810 et
1089 1781 1187 1810 multa
1202 1779 1393 1816 timentum,-
1415 1785 1451 1811 et
1474 1780 1523 1811 sic

61 1821 180 1852 decem
205 1822 317 1854 codd.
345 1823 516 1853 Timentem
533 1827 665 1852 veteres
684 1823 837 1862 plerique
857 1834 863 1852 ;
887 1823 1099 1861 trepidantum
1115 1825 1143 1852 el
1161 1825 1257 1853 morte
1280 1826 1445 1862 paventum
1468 1831 1523 1862 pr.

61 1863 150 1894 Mor.
165 1869 200 1895 et
214 1873 264 1904 pr.
281 1864 411 1894 Bouon.
427 1864 638 1904 trepidantum
653 1868 683 1894 et
700 1867 796 1894 morte
810 1865 973 1895 timentum
989 1864 1076 1894 alter
1094 1863 1221 1895 Erfurt.
1235 1870 1270 1896 et
1287 1864 1342 1895 alii
1355 1869 1522 1905 quatuor:

60 1905 266 1946 trepidantem
296 1910 326 1937 et
353 1910 449 1937 morte
468 1907 628 1937 timentem
652 1907 828 1946 Langerm.
845 1907 1053 1946 trepidantem
1069 1910 1099 1936 et
1124 1907 1219 1936 muIta
1235 1910 1404 1936 moventem
1430 1906 1525 1939 Med.

59 1947 167 1980 chart.
186 1953 348 1990 pat-entem
365 1959 449 1980 unus
467 1949 544 1980 Bas.
574 1952 753 1980 trementem
770 1958 854 1980 unus
871 1949 968 1980 Leid.
993 1951 1146 1980 tenentem
1167 1958 1252 1979 unus
1270 1949 1391 1979 Heins.
1414 1952 1525 1979 cuneta

59 1989 217 2022 timtem
230 1991 330 2032 Thys.
347 1991 431 2022 alius
446 1991 634 2032 trepidantis
649 1996 679 2023 et
695 1992 793 2022 multa
805 1992 979 2031 gementis:
1013 1991 1098 2022 alius
1115 1991 1233 2031 trepidi
1257 2000 1398 2031 moreque
1413 1993 1523 2022 timen-

61 2031 114 2064 tis.
136 2033 252 2065 Burm.
267 2039 362 2074 putat
380 2035 506 2066 rectius
523 2044 621 2075 posse
640 2035 706 2074 legi
727 2034 829 2075 thue
840 2045 869 2065 o.
886 2034 908 2066 ι’.
923 2044 950 2065 e.
960 2033 993 2072 s.
1004 2033 1163 2075 pependit,
1176 2033 1202 2064 1.
1216 2043 1248 2074 p.
1260 2038 1358 2072 motu,
1371 2037 1395 2064 t.
1413 2037 1524 2074 morte,

59 2078 244 2116 gemalem,
263 2079 315 2117 &a
333 2086 409 2108 uam
431 2077 465 2108 in
482 2087 547 2108 uno
572 2077 651 2109 Bas.
672 2082 725 2109 est
753 2077 976 2118 thue—742
998 2077 1075 2108 Duo
1100 2076 1176 2108 libri
1200 2077 1239 2108 ad
1255 2076 1372 2107 luminu
1387 2079 1524 2108 matr.—

719 2194 862 2227 NOTAE

63 2282 244 2316 conditiori
255 2285 304 2315 sni
318 2294 417 2316 sensu
431 2290 505 2317 orta
516 2295 590 2317 esse
601 2285 674 2316 haec
687 2290 766 2316 vota

64 2334 206 2367 maxime
219 2335 423 2367 crediderim
436 2348 445 2376 ς
473 2340 591 2377 utpote
606 2336 649 2367 ab
663 2336 764 2367 homi-

65 2386 174 2426 nibus,
187 2387 243 2428 qni
260 2387 323 2418 sibi
340 2387 427 2419 bene
444 2388 498 2418 vel
514 2387 600 2418 male
614 2386 765 2418 futurum

64 2445 138 2469 esse
159 2442 236 2479 post
261 2438 363 2469 vitam
394 2447 435 2469 ex
468 2436 570 2469 factis
596 2437 682 2468 bene
707 2442 765 2468 aut

63 2488 150 2519 mele
166 2488 291 2519 conscii
309 2487 446 2519 fuerint.

105 2540 170 2571 ‘1⁸⁶
193 2530 288 2579 Hae]
327 2539 480 2579 Corpora
507 2539 691 2570 amantium
722 2537 764 2569 ad

58 2581 168 2629 Ucres,
180 2589 382 2620 cot-ollarum
396 2589 486 2628 loco,
500 2598 672 2630 suspensa.

108 2640 174 2672 m
185 2639 423 2680 Trepidatum]
435 2640 481 2671 Ut
493 2649 565 2671 mos
577 2644 629 2670 est
639 2648 767 2678 eorum,

70 2687 128 2728 qui
145 2689 324 2729 suspendio
338 2690 442 2721 vitam
461 2689 595 2721 finiunt.

113 2739 172 2768 70ss
205 2737 368 2778 Levatm]
408 2739 462 2771 Ne
500 2748 582 2770 onus
613 2738 766 2780 corporis

70 2788 183 2820 fauce·
204 2786 359 2828 elideret,
383 2793 482 2830 atque
496 2788 627 2827 infelix,
640 2787 766 2829 »ipotis

820 2288 925 2324 esset,
955 2289 1160 2317 servaretur.
1207 2285 1368 2317 Ceterum
1395 2294 1437 2316 ex
1461 2285 1525 2318 hoc

822 2336 952 2377 lphidis
989 2334 1103 2367 furore
1140 2344 1346 2376 cognoscere
1388 2340 1528 2375 possunt

820 2397 949 2426 omnes,
975 2397 1075 2428 quam
1099 2386 1222 2417 misere
1251 2385 1436 2426 desipiant,
1468 2386 1526 2427 qui

819 2437 870 2469 sui
888 2446 948 2478 per
972 2445 1119 2468 amorem
1147 2436 1324 2467 arbitrium
1349 2436 1526 2467 amittunt.

820 2488 1022 2529 Quanquam
1040 2487 1128 2518 enim
1156 2492 1325 2517 amatores
1351 2496 1467 2517 omnes
1484 2486 1526 2517 ad

820 2539 956 2569 ultimas
1004 2537 1253 2578 desperationis
1299 2538 1421 2568 incitas
1459 2545 1524 2567 non

820 2594 1010 2629 coguntur3
1034 2587 1165 2620 fuciunt
1182 2592 1296 2618 tamen
1313 2597 1441 2624 omnes,
1467 2585 1525 2626 qui

820 2649 894 2671 sese
919 2640 1025 2671 amori
1043 2639 1116 2670 nine
1134 2640 1292 2669 cautione
1314 2636 1471 2674 credunt,
1486 2639 1526 2666 ut

820 2690 948 2722 incauti
971 2694 1007 2721 et
1031 2699 1091 2730 per
1110 2697 1271 2719 summum
1289 2683 1525 2724 impotentiam

821 2740 854 2771 in
871 2740 1034 2772 maximas
1053 2739 1264 2771 calamitates
1282 2734 1445 2767 incident.
