1773 3121
238 220 355 263 2084

727 233 767 263 P.
799 231 958 262 0V1D11
992 230 1206 263 NASONIS

241 327 406 380 Magna
428 327 511 368 suit
531 326 754 381 quondam
774 328 932 381 capitis
953 328 1194 370 reverentia
1214 327 1328 378 cani,

299 395 438 448 Inque
457 408 536 435 suo
553 396 697 448 pretio
716 408 824 448 ruga
844 395 996 435 senilis
1016 399 1122 437 erat.

243 461 402 502 Martis
423 474 534 514 opus
550 461 735 515 juvenes
756 463 1034 515 animosaque
1057 462 1171 502 bella
1191 461 1421 514 gerebant:

299 528 356 569 Et
373 541 453 581 pro
475 528 559 569 Dis
580 527 757 569 aderant
775 529 820 569 in
841 530 1028 570 statione
1047 530 1152 569 suis,

242 594 423 637 Viribus
442 595 520 635 illa
538 595 691 645 minor,
712 608 793 636 nee
813 596 1029 636 habendis
1047 596 1164 636 utilis
1185 596 1330 644 armis,

298 660 500 703 Consilio
520 662 676 715 patriae
701 676 824 716 saepe
844 662 1012 704 ferebat
1032 676 1176 716 opem.

244 728 344 769 Nec
364 729 448 770 nisi
470 734 572 782 post
595 743 732 770 annos
751 731 896 783 patuit
915 733 1017 770 tunc
1041 729 1176 770 Curia
1196 742 1336 771 seros:

300 794 474 836 Nomen
495 800 537 836 et
556 797 703 836 aetatis
722 797 824 836 mite
843 796 1030 835 Senatus
1049 800 1153 837 erat.

241 859 271 900 J
274 873 350 901 ura
369 861 503 901 dabat
518 861 686 914 populo
708 860 854 900 senior
871 872 881 900 ε
910 860 1119 912 finitaque
1138 862 1268 902 certis

300 926 493 979 Legibus
514 931 581 968 est
601 931 728 977 aetas,
753 926 870 967 unde
890 930 1069 980 petatur
1088 926 1240 968 honos.

244 994 301 1036 Et
318 995 487 1036 medius
501 994 728 1048 juvenum,
748 1007 837 1036 non
856 994 1184 1048 indignantibus
1204 995 1331 1050 ipsiS,

301 1061 428 1104 Ibat:
461 1066 504 1104 et
523 1063 713 1113 interior,
731 1063 770 1104 si
792 1075 940 1104 comes
960 1074 1077 1103 unus
1098 1067 1207 1103 erat.

1639 863 1694 903 65

246 1176 370 1216 Magna
378 1176 447 1214 fuit
461 1177 533 1207 olim
546 1178 721 1208 reverentia
736 1178 840 1217 capilli
862 1177 938 1216 albi,
953 1181 985 1208 et
1000 1187 1081 1216 ruga
1095 1177 1200 1208 senilis
1215 1180 1282 1208 erat
1297 1177 1330 1208 in
1344 1187 1399 1208 suo
1411 1177 1523 1217 pretio.
1566 1178 1700 1208 Juvenes

247 1219 429 1250 exercebant
446 1219 523 1249 bella
541 1218 644 1256 sortia
671 1220 791 1250 Illartz's
815 1230 909 1259 opus;
932 1223 1025 1259 atque
1046 1219 1210 1250 manebant
1235 1221 1269 1249 in
1292 1219 1426 1250 statione
1450 1229 1507 1259 pro
1527 1219 1603 1250 Diis
1625 1220 1697 1250 suis.

245 1261 309 1292 Illa
332 1265 416 1292 aetas
431 1262 533 1300 impar
556 1261 686 1301 viribus,
709 1265 802 1302 atque
826 1262 950 1292 inutilis
973 1261 1071 1291 armis
1094 1262 1282 1299 tractandis,
1303 1271 1383 1301 soepe
1405 1262 1557 1292 auxilium
1572 1260 1697 1299 ferebat

242 1303 358 1344 patrioe
380 1303 514 1334 consilio.
560 1303 668 1343 Neque
691 1306 764 1334 tunc
791 1304 926 1335 Senatus
949 1306 1076 1344 apertus
1100 1306 1146 1333 est
1170 1303 1233 1333 nisi
1253 1306 1323 1342 post
1340 1313 1434 1334 annos
1457 1305 1583 1334 tardos.-
1606 1306 1699 1343 atque

244 1354 355 1376 nomen
375 1345 508 1376 Senatus
530 1348 598 1376 erat
624 1346 689 1376 lene
704 1345 820 1376 oetatis.
864 1346 974 1376 AEtate
988 1345 1163 1385 provectior
1176 1345 1297 1376 dicebat
1313 1345 1385 1383 jus,-
1405 1348 1497 1385 atque
1511 1348 1599 1384 aetas,
1619 1346 1699 1376 unde

247 1387 341 1418 honos
354 1390 478 1426 petatur
493 1390 538 1416 est
561 1387 690 1426 dffm‘ta
717 1389 811 1417 certis
836 1387 962 1425 legibus.
1005 1388 1110 1425 Atque
1132 1387 1189 1416 ille
1215 1387 1389 1417 ambulabat
1409 1387 1526 1418 medius
1539 1388 1699 1426 juvenum,

246 1429 325 1468 ipsis
338 1438 397 1459 non
411 1428 656 1468 repugnantibus
666 1439 678 1465 ,·
701 1431 730 1459 et
750 1428 893 1468 interior,
917 1428 946 1458 si
970 1437 1049 1458 unus
1072 1437 1169 1458 comes
1193 1431 1273 1458 erat.
1320 1428 1399 1463 Quis
1412 1430 1538 1460 auderet
1557 1429 1699 1470 proferre

852 1500 1083 1512 mmo·

245 1545 383 1576 sit-5⁷
408 1543 478 1575 Alii
493 1554 558 1584 cap.
581 1545 776 1585 quond.—58
799 1544 955 1576 Quatuor
978 1541 1054 1573 libri
1084 1543 1151 1582 Inq.
1174 1542 1222 1573 sui
1245 1545 1413 1583 pret.—59
1435 1543 1488 1574 Sa.
1508 1546 1543 1574 et
1560 1543 1627 1575 duo
1643 1544 1699 1575 alii

245 1588 315 1618 bell.
328 1587 580 1627 parabant.—60
604 1587 735 1627 Grypb.
752 1586 817 1618 Ed.
844 1586 889 1616 Ut
905 1595 967 1625 pro
984 1585 1040 1615 Et.
1066 1585 1149 1616 Mox
1165 1594 1217 1625 pr.
1234 1586 1276 1616 V.
1292 1590 1328 1616 et
1351 1586 1417 1616 duo
1441 1586 1498 1616 alii
1511 1589 1587 1617 stat.
1603 1595 1697 1618 sene-3.

247 1632 328 1660 -fil
356 1629 414 1660 Ille
431 1629 530 1660 minor
546 1630 635 1660 Maz.
652 1639 672 1660 a
686 1639 730 1660 m.
749 1639 801 1669 pr.
819 1627 879 1659 sed
895 1628 949 1658 illa
966 1631 1096 1659 rectum
1121 1632 1193 1665 est;
1215 1627 1298 1659 licet
1323 1628 1411 1659 enim
1432 1628 1557 1668 juvenes
1571 1638 1699 1668 praece-

248 1671 322 1710 dat,
338 1671 393 1701 hic
411 1671 844 1712 subintelligiturjuventuffi
860 1671 911 1701 vel
923 1673 1019 1701 aetas:
1043 1679 1135 1710 saepe
1155 1669 1245 1700 enim
1261 1670 1309 1701 ita
1324 1670 1433 1701 solent
1449 1671 1580 1702 variare
1594 1680 1700 1711 genus

249 1719 284 1745 et
302 1723 496 1745 numerum:
520 1714 588 1745 vid.
607 1714 648 1745 ad
663 1714 802 1747 Quinct.
819 1714 860 1744 de
876 1712 993 1744 Instit.
1009 1712 1072 1743 Or.
1089 1722 1120 1744 v.
1137 1715 1190 1744 10.
1212 1722 1246 1752 p.
1263 1715 1338 1744 436.
1353 1717 1389 1744 et
1412 1713 1455 1744 ad
1479 1713 1567 1744 Met.
1581 1722 1606 1744 1.
1627 1716 1700 1745 162.

251 1757 452 1787 Burm.-—62
474 1756 530 1787 Ita
546 1761 680 1788 veteres
697 1761 906 1788 constanter.
923 1765 983 1795 pro
998 1765 1078 1795 saepe
1102 1759 1213 1786 tamen
1234 1755 1325 1786 turba
1351 1755 1581 1796 reponendum
1607 1755 1701 1786 vide-

251 1804 319 1835 tur,
335 1799 388 1829 vel
406 1799 486 1839 quid
503 1799 626 1838 simile,
639 1804 678 1830 ut
693 1800 749 1838 sit,
765 1799 806 1829 ad
825 1798 913 1839 quod
931 1796 1100 1828 referatur
1111 1797 1148 1827 τὸ
1163 1798 1217 1828 illa
1228 1797 1262 1828 in
1279 1798 1444 1838 superiori
1459 1807 1568 1828 versu.
1586 1797 1699 1829 Heius.

252 1843 337 1872 -64
356 1841 438 1872 Erae
450 1842 548 1882 longe
558 1842 730 1872 venustius
743 1841 859 1872 decem
873 1850 915 1871 ex
926 1840 1131 1871 melioribus,
1147 1840 1259 1871 Heius.
1283 1840 1397 1871 Ceteri
1408 1850 1485 1871 cum
1498 1841 1588 1880 vulg.
1598 1840 1700 1872 habet.

250 1886 333 1914 —65
359 1883 449 1914 Maz.
465 1884 538 1915 Jur.
554 1884 690 1921 dabant‚·
712 1888 747 1915 et
764 1884 841 1914 Pet.
859 1893 933 1914 cum
952 1892 1012 1913 sex
1028 1883 1101 1912 aliis
1116 1883 1237 1922 populis
1250 1885 1398 1914 sem-66
1423 1883 1477 1925 Fr.
1494 1887 1530 1914 ut
1547 1882 1626 1913 alibi
1646 1883 1699 1913 ho-

249 1934 306 1956 nor
322 1935 383 1966 pro
399 1927 588 1957 honos.—68
612 1927 681 1958 Pro
696 1926 827 1958 interior
842 1925 941 1956 multi
956 1925 1093 1956 anterior
1103 1935 1115 1962 ‚·
1137 1925 1229 1956 Maz.
1246 1924 1375 1962 inferior
1384 1935 1396 1961 ,·
1416 1925 1592 1956 Turnebus
1606 1925 1698 1965 lege-

896 2009 1036 2041 NOTAE

293 2073 333 2102 57
359 2072 493 2113 Magna]
515 2072 629 2114 Atque
646 2074 730 2105 adeo
748 2074 875 2114 grande
891 2084 949 2104 ne-

249 2119 301 2152 fas
330 2122 454 2152 seniori
488 2132 555 2153 nou
591 2133 768 2163 assurgere
795 2123 949 2154 credide-

250 2175 350 2202 runt:
374 2181 484 2211 neque
501 2176 639 2202 temere.
678 2174 712 2203 Is
730 2182 875 2212 namque
890 2173 947 2202 ho-

250 2228 367 2250 norem
385 2225 420 2250 et
436 2222 660 2251 reverentiam
683 2221 738 2261 qui
766 2221 946 2261 majoribus

253 2269 402 2300 debitam
431 2270 584 2310 negligit,
611 2280 742 2301 omnem
770 2270 848 2301 boni
873 2279 943 2300 sen·

252 2329 324 2351 snm
341 2319 476 2350 videtur
492 2321 631 2352 exuisse.
676 2321 800 2351 Verum
824 2320 945 2360 passim

252 2368 488 2400 oberrantibus
515 2370 738 2401 nebulonibus
763 2370 819 2410 qui
849 2369 946 2399 hodie

251 2422 376 2449 terram
392 2419 547 2459 scalpunt
564 2419 636 2460 quis
664 2420 811 2460 aliquem
836 2417 947 2449 reddi-

254 2468 365 2499 derit?

296 2520 337 2548 59
362 2518 479 2548 Martis
494 2519 582 2558 opus]
605 2520 752 2557 Bellum,
768 2518 856 2561 quod
877 2519 948 2558 ipse

253 2567 390 2607 subjicit
406 2569 510 2600 Naso.

298 2620 333 2648 61
364 2617 437 2657 Illa]
461 2618 591 2649 Senilis.
628 2619 758 2649 Statum
785 2617 950 2648 describit

255 2667 466 2707 Reipublicae
482 2672 582 2708 prout
597 2678 616 2699 a
632 2668 774 2699 Romulo
789 2667 854 2698 fuit
872 2677 949 2698 con-

255 2718 387 2749 stituta.

297 2768 338 2797 6³
364 2766 431 2797 Nec
446 2766 524 2807 nisi]
547 2768 556 2784 ‘
570 2767 671 2799 Hunc
696 2777 755 2798 rex
774 2766 949 2808 sapientis-

1002 2073 1130 2112 simus,'
1165 2073 1274 2114 inquit
1311 2073 1431 2104 Florus
1469 2072 1512 2103 de
1542 2072 1702 2111 Romulo,

1001 2123 1010 2140 ‘
1024 2127 1149 2153 statum
1161 2122 1371 2162 Reipublicae
1388 2122 1546 2162 imposuit
1558 2133 1566 2160 ;
1578 2122 1699 2162 juveu-

1001 2176 1068 2209 tus,
1095 2171 1202 2202 divisa
1219 2181 1280 2211 per
1303 2172 1421 2210 tribus,
1438 2172 1470 2202 in
1492 2172 1584 2213 equis
1604 2176 1640 2204 et
1664 2172 1698 2203 in

1002 2221 1102 2251 armis
1116 2221 1156 2251 ad
1173 2221 1287 2252 subita
1303 2221 1383 2252 belli
1397 2222 1604 2253 excubaret:
1621 2231 1699 2253 con·

1000 2270 1108 2301 silium
1124 2271 1334 2310 Reipublicae
1359 2281 1463 2311 penes
1484 2281 1580 2302 senes
1596 2276 1700 2310 esset,

1001 2320 1058 2359 qui
1074 2328 1116 2350 ex
1139 2320 1345 2351 auctoritate
1365 2321 1489 2361 Patres,
1502 2321 1545 2352 ob
1558 2325 1698 2352 aetatem

1002 2369 1146 2407 Senatus,
1163 2370 1393 2400 vocabantur!
1427 2371 1554 2402 Parata
1569 2371 1625 2401 lex
1636 2370 1658 2402 J
1663 2380 1699 2401 u-

1000 2418 1045 2448 lia
1072 2419 1195 2450 deinde
1224 2419 1364 2460 aliaeque
1389 2418 1551 2458 Annales,
1576 2419 1698 2460 quibus

995 2468 1162 2508 juvenum
1190 2469 1223 2499 in
1251 2469 1409 2509 petendis
1438 2467 1697 2508 Magistratibus

1002 2518 1148 2556 impetus
1164 2517 1392 2548 coerceretur.

1044 2570 1084 2597 65
1112 2566 1230 2606 Certis]
1247 2567 1341 2597 Bene
1356 2566 1452 2606 dixit,
1467 2567 1591 2605 certis;
1608 2577 1703 2599 nam·

1003 2627 1067 2658 que
1098 2617 1234 2656 longum
1263 2615 1383 2647 fnisset
1413 2622 1517 2658 atque
1545 2617 1697 2657 ineptum

1003 2666 1137 2706 singula
1153 2666 1194 2696 ad
1206 2667 1290 2697 hauc
1305 2676 1374 2697 rem
1387 2665 1527 2698 referre.
1542 2667 1698 2700 Quaestu-

1003 2725 1074 2746 ram
1090 2720 1169 2746 ante
1184 2718 1237 2746 25.
1255 2725 1377 2746 annum
1401 2726 1467 2747 non
1491 2716 1618 2748 licebat
1642 2726 1700 2756 ap—

1004 2770 1130 2806 petere.
1168 2766 1325 2797 Praetura
1349 2766 1391 2797 ad
1419 2765 1626 2807 trigesimum
1642 2775 1699 2797 ex-
