1773 3121
210 227 324 270 1634
699 239 739 269 P.
771 237 926 268 ovmu
960 234 1171 267 NAsoms

211 333 412 387 Aspicit:
444 346 496 374 ac
517 332 656 386 primo
675 346 758 373 non
781 332 959 372 credens
981 332 1176 385 corporis
1197 330 1300 372 illas

212 402 322 442 Esse
343 401 411 441 sui
433 404 594 454 partes,
613 400 866 452 refugitque,
889 399 1126 452 abigitque,
1146 399 1352 451 timetque

213 468 303 508 Ora
321 472 527 521 proterva
549 479 718 507 canum.
778 466 864 506 Sed
882 478 995 519 quos
1012 467 1134 518 fugit,
1157 466 1332 506 attrahit
1351 476 1454 506 una.

213 536 268 576 Et
289 548 448 588 corpus
469 546 666 587 quaerens
683 533 908 582 femorum,
931 545 1202 585 crurumque,
1223 531 1486 586 pedumque,

211 601 454 642 Cerbereos
474 602 612 641 rictus
632 614 713 653 pro
732 601 930 653 partibus
952 599 1117 639 invenit
1135 599 1233 639 illis.

213 668 399 721 Statque
420 681 575 708 canum
593 668 762 708 rabies:
785 667 1072 721 subjectaque
1093 669 1211 718 terga
1230 664 1416 705 ferarum

213 733 468 787 Inguinibus
489 735 668 785 truncis,
690 737 898 787 uteroque
920 736 1112 783 extante,
1135 732 1369 774 cohaerent.

1602 596 1660 652 65

582 973 700 1014 FAB.
732 972 797 1014 II.
858 973 1027 1014 Eadem
1046 974 1088 1013 in
1110 973 1293 1014 Saxum.

213 1092 341 1123 Docm·
362 1090 504 1123 eandem
528 1092 675 1132 Scyllam
691 1091 964 1123 transformatam
981 1101 1053 1123 esse
1070 1092 1103 1123 in
1121 1101 1250 1132 saxum,
1270 1100 1313 1122 ne
1338 1088 1465 1131 AEneae,
1490 1087 1664 1130 naviganti

256 1145 289 1175 in
308 1145 453 1185 Italiam,
467 1153 591 1176 nocere
608 1149 738 1185 posset.

214 1241 418 1298 szvw
441 1271 595 1299 amans
614 1258 838 1300 Glaucus:
867 1259 1133 1312 nimiumque
1153 1257 1365 1298 hostiliter
1383 1268 1477 1297 usae

213 1323 396 1364 Viribus
415 1325 643 1366 herbarum
663 1326 774 1379 fugit
793 1327 1013 1367 connubia
1033 1325 1197 1366 Circes.

212 1390 361 1443 Scylla
378 1391 478 1432 loco
498 1393 681 1435 mansit:
713 1405 898 1446 cumque
918 1397 986 1433 est
1007 1392 1112 1433 data
1133 1393 1265 1445 copia
1284 1391 1487 1445 primum,
1604 1389 1661 1431 70

213 1519 312 1549 carm—2·
327 1520 471 1550 monstris
485 1521 691 1552 latrantibus.-
715 1525 745 1552 εἰ
758 1521 861 1563 primo
885 1532 945 1553 non
970 1525 1083 1562 putans
1106 1531 1157 1553 eas
1183 1532 1245 1554 ess-e
1267 1524 1372 1562 partes
1394 1520 1442 1551 sui
1457 1519 1606 1560 corpori-5,
1634 1521 1666 1550 et

213 1560 305 1597 vitat,
322 1565 351 1591 et
366 1563 497 1602 repellit,
510 1566 539 1593 et
556 1565 665 1594 metuit
683 1565 778 1594 rictus
790 1565 962 1604 pervicaces
978 1575 1095 1596 canum.
1147 1565 1258 1596 Verum
1272 1574 1372 1594 secum
1386 1563 1468 1603 rapit
1480 1572 1552 1602 quos
1565 1562 1646 1592 vitat
1655 1571 1667 1592 .-

213 1606 303 1641 atque
319 1604 452 1633 lustrans
467 1614 574 1644 corpus
581 1605 737 1642 femorum
752 1610 781 1637 et
797 1607 946 1637 tibiarum
962 1611 991 1637 et
1005 1609 1127 1647 pedum,
1141 1607 1258 1646 reperit
1273 1616 1326 1636 ora
1342 1615 1450 1636 cunum
1466 1607 1528 1635 loco
1542 1605 1667 1634 illarum

211 1645 358 1682 partium.
381 1645 483 1685 Atque
497 1651 599 1677 manet
613 1657 722 1677 cainum
734 1649 853 1684 rabies3
876 1653 905 1679 ct
917 1653 1006 1687 terga
1018 1650 1141 1679 subdita
1149 1649 1294 1686 ferarum
1300 1648 1475 1686 junguntur
1487 1645 1668 1685 inguinibus

214 1686 366 1717 mutilatis
380 1690 471 1726 atque
486 1689 588 1718 ventri
600 1689 797 1728 prominenti.

257 1737 297 1759 11.
322 1730 457 1759 Glaucus
472 1740 578 1760 amans
591 1732 779 1771 lacrymatus
794 1735 852 1770 est,
867 1734 958 1771 atque
973 1732 1089 1762 vitarit
1105 1731 1280 1770 conjugium
1298 1730 1404 1761 Circes
1417 1739 1479 1760 usae
1494 1729 1588 1760 nimis
1599 1729 1667 1759 hos-

214 1770 314 1802 tiliter
328 1771 443 1802 viribus
457 1772 630 1804 herbarum.
676 1774 782 1814 Scylla
798 1774 842 1804 ibi
866 1774 1002 1812 morisim
1025 1777 1055 1804 et
1071 1784 1136 1804 cum
1150 1775 1288 1814 primum
1303 1773 1418 1804 occasio
1431 1772 1533 1803 oblatu
1545 1775 1590 1803 est
1602 1771 1668 1812 pri·

824 1863 1056 1875 ”nomome-

215 1919 288 1951 scil.
303 1919 312 1936 ‘
329 1918 501 1950 latrantes'
526 1928 586 1959 pro
602 1919 834 1950 canibus.-·-61
860 1919 1010 1950 Berolin.
1033 1920 1112 1949 cred.
1128 1921 1285 1950 nom—63
1310 1919 1387 1949 Duo
1411 1922 1496 1949 vett.
1524 1919 1576 1949 sed
1591 1929 1666 1959 quas

206 1961 282 1999 sug.
305 1961 490 2000 Schepper.
507 1970 593 1992 corr.
609 1970 676 2001 quoe
695 1961 769 1999 fug.
793 1965 870 1992 altr.
897 1972 962 1992 ora.
1011 1962 1172 1992 Nonnulli
1189 1962 1289 1992 etiam
1312 1961 1561 1992 nostratim—64
1583 1962 1665 1993 Tres

217 2002 338 2043 scripti
359 2003 400 2032 Et
414 2006 519 2042 partes
531 2007 713 2042 quma—(56
735 2004 792 2034 Pr.
809 2003 915 2034 Gron.
932 2005 1101 2043 Stantque:
1126 2004 1244 2034 Heins.
1261 2004 1350 2044 conj.
1368 2004 1470 2043 δίαιτ’.
1486 2013 1596 2034 canum
1615 2013 1667 2034 ra-

217 2045 359 2076 bia-457
384 2045 484 2085 Vuig.
500 2049 621 2076 extant.
645 2046 783 2081 co'ercess
808 2046 906 2077 Cant.
925 2052 957 2077 et
975 2056 1060 2076 unus
1075 2046 1173 2077 Voss.
1195 2046 1351 2076 co'e'rcent:
1375 2055 1459 2076 nnus
1474 2046 1551 2076 Pat.
1577 2050 1612 2076 et
1636 2046 1667 2078 I.

215 2087 364 2118 cohoeret:
388 2087 509 2118 Heius.
526 2097 614 2118 corr.
630 2088 805 2124 calumum
828 2094 930 2129 atque
954 2089 1002 2119 ita
1028 2089 1114 2119 altor
1136 2088 1324 2127 Hambum.
1342 2092 1376 2118 et
1390 2088 1444 2119 Fr.
1488 2087 1556 2118 Sed
1574 2093 1666 2119 totus

216 2130 309 2160 locus
325 2129 437 2160 mendi
455 2135 631 2169 suspectus
647 2135 681 2160 et
697 2130 840 2161 Heinsio
857 2136 893 2162 et
909 2131 1053 2168 Bothio;
1076 2135 1111 2160 et
1135 2131 1188 2160 ille
1215 2131 1349 2171 quidem
1376 2140 1418 2160 ex
1443 2131 1591 2161 Berolin.
1615 2130 1666 2162 sie

217 2170 398 2202 emendat:
421 2172 537 2203 ‘invenit
551 2172 625 2212 illis,
652 2172 755 2212 Atque
779 2183 886 2203 canum
909 2173 1037 2212 rabiem,
1060 2173 1222 2212 sulgy'sctaq.
1249 2176 1271 2203 t.
1289 2173 1320 2210 f.
1348 2173 1375 2203 I.
1392 2176 1415 2202 t.
1437 2183 1468 2203 u.
1485 2183 1511 2204 e.
1528 2173 1665 2209 coercet,-

217 2214 238 2244 i.
258 2223 284 2245 c.
302 2214 464 2257 continet,
486 2219 523 2247 ut
539 2214 614 2247 ΖΕΗ.
630 2223 686 2247 111.
701 2217 773 2247 424.
796 2216 805 2231 ‘
822 2215 871 2247 At
887 2216 1035 2256 Scyllam
1053 2216 1152 2247 caecis
1169 2215 1305 2247 cohibet
1326 2215 1488 2256 spelunca
1503 2214 1665 2256 latebris,'

870 2313 1014 2345 NOTAE

259 2389 299 2418 65
325 2385 502 2426 Cerbereos]
544 2386 685 2420 Cerberi
721 2385 912 2419 Inferorum

218 2436 308 2466 canis
325 2436 461 2467 similes.

259 2488 300 2516 67
326 2485 469 2525 Truncis]
491 2486 580 2518 Quia
603 2486 635 2516 in
659 2496 759 2517 canes
777 2485 913 2517 fuerunt

218 2540 358 2568 mutata.
414 2537 491 2569 Qua
517 2547 561 2567 ex
587 2546 634 2575 re,
661 2536 741 2576 quid
768 2536 913 2576 denique

218 2587 403 2619 hominibus
439 2588 546 2628 turpis
589 2588 746 2628 voluptas
778 2586 912 2626 afferat,

220 2648 292 2678 quae
315 2648 375 2679 per
392 2639 514 2670 Circen
530 2643 581 2670 est
597 2639 830 2679 intelligenda,
844 2638 913 2679 qui-

222 2689 269 2717 vis
307 2689 414 2728 possit
451 2698 669 2730 cognoscere.
714 2690 913 2729 Quanquam

220 2739 321 2778 paulo
336 2739 434 2770 aliter
451 2739 506 2770 alii
528 2739 625 2780 hujus
641 2737 763 2771 fabulae
779 2746 912 2771 sensum

221 2788 389 2830 expiscari
405 2793 584 2822 conantur.

1009 2390 1050 2418 68
1075 2387 1192 2428 Flevit]
1224 2387 1324 2421 Quod
1354 2387 1427 2419 fere
1457 2387 1521 2419 illis
1547 2386 1665 2419 evenit

967 2439 1024 2479 qni
1041 2439 1175 2469 incaute
1193 2438 1233 2469 ab
1255 2439 1360 2470 obviis
1376 2438 1566 2479 quibusque
1583 2437 1665 2468 ami-

967 2489 1015 2519 cis
1044 2489 1223 2519 consilium
1250 2489 1306 2520 vel
1329 2488 1491 2519 auxilium
1519 2491 1664 2528 petunt:

966 2548 1110 2579 namque
1127 2539 1303 2569 rarissimis
1318 2538 1485 2578 contingit
1500 2547 1596 2568 veros
1614 2542 1666 2569 at-

968 2597 1033 2628 que
1058 2586 1188 2627 fideles,
1207 2588 1269 2619 hac
1293 2591 1498 2628 tempestate
1523 2595 1664 2628 praeser-

968 2637 1041 2674 tim,
1056 2637 1217 2668 nancisci.

1009 2689 1052 2716 69
1077 2685 1196 2726 Circes]
1240 2687 1349 2720 Quam
1385 2685 1500 2727 Scylla
1532 2685 1665 2726 Ulyssis

968 2745 1080 2767 amore
1098 2736 1205 2766 teneri
1219 2736 1424 2766 resciverat:
1441 2735 1503 2767 sibi
1518 2743 1664 2777 namque

967 2786 1111 2818 invicem
1129 2785 1328 2817 insidiantur
1343 2785 1479 2818 inimici.
