1773 3121
267 255 380 300 2010

267 362 397 406 Mota
418 360 687 416 Cytheriaca
705 359 858 402 leviter
875 372 973 401 mea
991 363 1187 413 tempora
1216 362 1357 414 myrto
1665 357 1723 398 15

323 429 543 481 Contigit:
576 432 633 478 et,
658 426 861 481 Coeptum
883 427 1057 481 perfice,
1081 426 1208 476 dixit,
1231 439 1360 480 opus.

266 496 518 548 Sensimus;
552 501 595 537 et
615 496 760 536 subito
782 508 931 536 causae
953 500 1131 549 patuere
1153 494 1331 535 dierum.

322 563 439 604 Dum
463 564 580 613 licet,
603 569 646 604 et
669 563 834 617 spirant
854 563 1057 613 flamina3
1089 562 1217 603 navis
1243 564 1328 603 eat.

264 630 313 671 Si
335 644 422 684 qua
444 635 588 672 tamen
607 644 711 684 pars
731 635 773 671 te
793 631 847 672 de
871 630 1018 672 Fastis
1038 636 1214 683 tangere
1234 629 1375 679 debet,

322 698 491 749 Caesar,
514 701 557 739 in
578 698 740 752 Aprili,
765 712 852 752 quo
872 699 1079 748 tenearis,
1101 699 1255 740 habes.
1637 723 1640 726 >
1664 693 1722 735 20

266 765 357 808 Hic
380 766 436 807 ad
457 771 501 807 te
523 779 680 819 magna
702 767 933 807 descendit
953 767 1142 818 imagine
1162 765 1351 807 mensis:

321 832 378 874 Et
396 833 446 873 fit
465 833 677 885 adoptiva
698 833 928 872 nobilitate
948 836 1064 872 tuus.

266 899 371 941 Hoc
393 902 517 952 pater
540 897 719 947 Iliades,
743 910 842 938 oum
863 898 1036 951 longum
1058 898 1263 939 scriberet
1283 911 1452 949 annum,

320 966 451 1007 Vidit
469 979 480 1017 ;
513 969 555 1006 et
577 968 778 1006 auctores
797 965 940 1006 retulit
958 966 1057 1019 ipse
1077 977 1197 1008 suos,

265 1032 415 1087 thue
435 1033 525 1074 fero
548 1032 684 1074 Marti
704 1033 889 1087 primam
911 1032 1031 1074 dedit
1051 1033 1201 1074 ordine
1224 1035 1398 1083 sortem,
1666 1031 1722 1073 25

322 1100 454 1151 Quod
473 1102 558 1143 sibi
578 1102 779 1144 nascenti
799 1103 1007 1155 proxima
1029 1114 1166 1144 causa
1185 1101 1298 1153 fuit3

752 266 794 296 P.
826 264 984 296 OVIDII
1019 264 1232 297 NASONIS

269 1241 400 1283 Po'e'tam
416 1245 446 1274 et
470 1252 603 1274 mensem
617 1252 681 1274 esse
695 1245 775 1274 tuos.
822 1243 996 1274 Com-iliata
1011 1243 1120 1282 tetigit
1135 1242 1244 1273 leviter
1257 1251 1326 1273 mea
1339 1244 1477 1282 tempora
1491 1244 1594 1283 myrto
1611 1240 1726 1283 Cythe-

261 1286 347 1317 riaca
359 1296 370 1322 ;
392 1288 484 1325 atque
498 1285 612 1326 inquit,
625 1285 756 1317 Absolve
770 1296 844 1326 opus
855 1286 1017 1326 inceptura.
1042 1285 1221 1320 Sensimus;
1233 1288 1324 1324 atque
1335 1284 1444 1315 statim
1453 1283 1588 1316 rationes
1603 1284 1723 1315 dierum

263 1331 335 1359 sunt
350 1331 477 1368 apertae.
523 1329 680 1363 Quamdiu
695 1330 886 1366 conceditur,
902 1332 931 1359 et
947 1328 1136 1369 ventiflant,
1148 1327 1236 1358 navis
1249 1330 1366 1358 currat.
1411 1325 1450 1357 Si
1464 1329 1567 1357 tamen
1578 1336 1653 1367 pars
1666 1326 1724 1357 ali-

263 1381 322 1411 qua
344 1372 381 1402 de
408 1370 515 1401 Fastis
537 1370 626 1401 debet
650 1373 681 1401 te
707 1381 838 1408 movere,
870 1371 988 1408 Coesar,
1013 1371 1104 1401 habes
1128 1370 1164 1400 in
1188 1369 1294 1409 Aprili
1317 1370 1398 1409 quod
1418 1372 1448 1400 te
1464 1372 1610 1400 moretur.
1656 1369 1723 1400 Hic

262 1413 374 1444 mensis
399 1413 482 1442 venit
506 1414 546 1442 ad
572 1416 602 1442 te
625 1422 739 1450 magna
763 1413 874 1452 specie,
902 1416 932 1442 et
947 1412 993 1452 fit
1020 1416 1093 1442 tuus
1115 1412 1278 1442 nobilitate
1292 1412 1449 1451 adoptiva.
1494 1411 1591 1442 Pater
1606 1409 1723 1442 Iliades

260 1455 348 1486 istud
362 1454 512 1492 advertit,
527 1464 596 1485 cum
618 1454 803 1484 describeret
819 1455 944 1493 longum
967 1464 1081 1484 annum
1092 1463 1104 1489 ,·
1123 1457 1213 1493 atque
1228 1454 1293 1493 ipse
1315 1453 1495 1484 ‘memoravit
1509 1453 1723 1493 progenitores

263 1507 342 1529 suos.
387 1497 431 1527 Et
457 1496 539 1527 sicut
560 1496 693 1528 asseruit
708 1507 788 1528 saevo
805 1497 908 1528 Marti
930 1496 1066 1537 primam
1091 1499 1203 1527 sortem
1221 1494 1341 1536 ordine,
1366 1494 1438 1536 quia
1452 1494 1522 1534 fuit
1545 1495 1606 1526 sibi
1631 1505 1723 1527 causa

874 1582 1108 1594 eeeeeeeeeeee

262 1634 342 1666 Pet.
357 1643 459 1665 mense
476 1643 537 1674 pro
554 1637 783 1666 mensem—14
806 1635 895 1666 Maz.
913 1635 1013 1673 alter,
1037 1638 1072 1666 et
1087 1634 1235 1677 quinque
1251 1635 1308 1666 alii
1324 1644 1380 1666 ess,
1395 1637 1581 1666 tuum-15
1608 1632 1724 1674 Cythe-

262 1677 350 1708 riaca
373 1676 495 1708 Heius.
521 1676 651 1717 profert
667 1688 709 1709 ex
726 1677 854 1709 Zulich.
872 1682 907 1708 et
923 1681 1070 1719 quatuor
1086 1682 1172 1709 vett.
1188 1679 1245 1709 alii
1264 1678 1430 1719 Cytheraea
1445 1680 1512 1708 est.-
1535 1676 1592 1708 alii
1610 1676 1725 1717 Cythe-

261 1729 337 1760 roea,
352 1720 407 1750 vel
425 1719 583 1751 Citharea.
598 1721 682 1752 Mox
699 1720 759 1751 lib.
776 1721 891 1752 Ursini
908 1730 983 1751 cum
1001 1720 1131 1761 aliquot
1147 1721 1350 1752 membranis
1374 1731 1441 1752 mea
1455 1720 1612 1760 timpora‚·
1633 1722 1672 1750 ut
1687 1722 1723 1750 et

260 1763 343 1794 alibi
359 1772 433 1793 cum
452 1763 575 1803 capitis
593 1767 748 1804 tempora
765 1763 1098 1803 intelligantur.—17
1122 1765 1179 1795 Fr.
1205 1774 1287 1795 caus.
1307 1764 1373 1794 sub.
1397 1763 1531 1794 inverso
1547 1761 1722 1793 ordine.—

264 1808 305 1836 19
327 1805 418 1837 Maz.
438 1805 476 1836 F.
493 1805 594 1836 dicere
609 1806 676 1837 deb.
701 1806 791 1838 unde
809 1806 927 1837 Heins.
947 1815 1032 1836 corr.
1055 1808 1263 1838 ducere—2⁰
1289 1806 1357 1841 Quo
1372 1806 1506 1837 tenearis
1520 1805 1638 1836 Heius.
1665 1803 1722 1835 de-

261 1847 313 1879 dit
328 1857 371 1879 ex
385 1848 499 1879 Ursin.
517 1848 648 1880 Zulicli.
672 1850 763 1880 Maz.
781 1849 932 1890 Nauger.
957 1854 992 1880 et
1008 1858 1066 1879 sex
1093 1850 1188 1880 aliis:
1218 1854 1254 1880 at
1270 1850 1361 1881 Maz.
1390 1859 1446 1890 quo
1467 1848 1612 1887 tenearis,
1626 1846 1723 1878 habe:

261 1890 360 1922 Voss.
378 1895 414 1922 et
432 1890 561 1923 Arnnd.
578 1901 635 1932 quo
650 1892 788 1924 tuearis:
811 1897 846 1923 et
872 1892 961 1932 vulg.
985 1892 1154 1923 edebatur
1168 1894 1248 1933 quod
1262 1893 1476 1923 tueari3.—-21
1501 1891 1541 1922 In
1559 1899 1631 1921 voc.
1645 1890 1720 1921 ad...

260 1931 398 1973 imagine
422 1943 484 1974 pro
517 1944 587 1965 var.
619 1935 696 1966 leet.
729 1936 783 1966 Fr.
818 1935 958 1965 exhibet
985 1935 1183 1974 a...origz·ne.·
1206 1940 1241 1966 et
1253 1936 1315 1966 hoc
1343 1934 1479 1976 quidem
1506 1934 1538 1963 in
1568 1931 1721 1972 plurimis

260 1976 396 2016 scriptis
413 1981 449 2007 et
465 1976 553 2007 Edd.
570 1980 767 2008 exten—23
793 1978 873 2008 Duo
890 1977 968 2008 libri
984 1978 1067 2016 long.
1083 1979 1207 2008 duceret
1222 1979 1380 2008 anm—24
1404 1975 1447 2007 A.
1474 1979 1510 2006 et
1526 1974 1613 2005 Laeti
1635 1973 1719 2005 Cod.
1762 2002 1765 2005 Δ

260 2016 365 2048 Sensit
379 2027 440 2058 pro
462 2018 561 2049 Vidit.
607 2019 745 2050 Deinde
762 2020 794 2050 in
813 2030 885 2051 voc.
901 2020 1011 2050 retulit
1027 2020 1082 2051 Fr.
1100 2020 1157 2050 dat
1173 2029 1236 2060 pro
1249 2028 1320 2050 var.
1335 2020 1415 2050 lect.
1440 2017 1591 2058 proetulit.
1635 2016 1718 2047 Tum

262 2059 360 2090 multi
378 2061 430 2091 ille
453 2069 515 2102 pro
534 2060 599 2101 ipse
610 2071 620 2091 .·
642 2066 678 2093 et
694 2062 844 2093 nonnulli
861 2062 969 2093 Codd.
997 2062 1087 2093 inter
1111 2072 1194 2103 quos
1209 2063 1264 2094 Fr.
1279 2061 1394 2093 Ursin.
1411 2064 1446 2092 et
1461 2060 1539 2091 Pet.
1554 2061 1719 2091 tuos.——20

917 2156 1062 2189 NOTAE

260 2238 318 2261 cer
334 2229 470 2269 mensis,
486 2233 522 2261 et
538 2229 611 2271 ipsa
628 2240 669 2262 eo
685 2240 800 2263 mense
818 2232 961 2263 multum
1058 2234 1100 2263 22
1122 2231 1295 2273 Adoptiva]
1322 2231 1413 2264 Quia
1438 2230 1472 2262 in
1497 2229 1633 2262 domum
1656 2229 1716 2262 Ju-

260 2283 386 2320 potest.

303 2332 342 2361 15
369 2329 573 2372 Cytheriaca]
599 2331 755 2372 Cytheris
772 2330 880 2362 insula
894 2332 961 2363 Ve-

258 2379 332 2411 neri
347 2390 444 2412 sacra
461 2381 583 2422 petita.

303 2430 428 2471 Illyrto]
455 2432 542 2464 Quae
570 2433 697 2464 Veneri
723 2442 820 2465 sacra
846 2433 962 2464 arbus-

260 2479 348 2511 cula.

304 2532 343 2561 17
366 2529 541 2571 Sensimus]
565 2532 667 2562 Divae
684 2531 811 2573 quippe
827 2532 963 2565 instinc-

261 2584 299 2611 tu
315 2581 425 2612 omnia
443 2591 548 2621 prona
564 2582 650 2614 vidit
669 2584 774 2614 Naso.

305 2634 345 2663 18
369 2633 531 2674 Flamina]
558 2634 671 2664 Vento
697 2633 846 2664 secundo
872 2634 959 2664 simi-

260 2683 324 2717 lem
341 2683 423 2715 facit
440 2684 581 2715 Veneris
595 2683 756 2716 favorem.

305 2733 421 2773 Navis]
451 2733 631 2774 Inceptum
649 2734 769 2775 poema
784 2737 961 2775 augeatur.

261 2785 383 2825 Pergit
397 2784 429 2815 in
446 2785 565 2815 eadem
582 2785 737 2825 Metaph.

302 2837 345 2867 20
363 2834 485 2876 caesar]
508 2835 750 2868 Germanicum
764 2834 959 2878 alloquitur.

1015 2281 1094 2312 liam
1107 2291 1150 2313 ex
1163 2281 1299 2313 Venere
1315 2285 1424 2313 ortam
1437 2280 1620 2321 adoptatus
1632 2279 1718 2312 Ger-

1015 2331 1179 2363 manicas.

1058 2385 1099 2414 23
1124 2382 1210 2423 Hoc]
1233 2381 1288 2413 Ad
1304 2392 1352 2423 se,
1368 2381 1441 2413 scil.
1453 2385 1610 2423 spectare
1625 2389 1717 2412 men-

1019 2433 1064 2464 sis
1092 2433 1222 2473 Aprilis
1247 2433 1467 2474 Venerisque,
1492 2432 1547 2463 cui
1570 2431 1717 2471 dicatus,

1019 2482 1245 2515 nobilitatem.

1062 2532 1221 2572 Longum]
1256 2533 1388 2572 Longus
1405 2534 1498 2562 certe
1514 2534 1584 2562 est:
1608 2539 1717 2572 neque

1017 2586 1107 2616 aliud
1123 2586 1230 2616 voluit
1258 2585 1368 2623 Naso;
1392 2590 1449 2615 aut
1471 2584 1653 2615 discrimen
1669 2584 1718 2615 ul·

1016 2637 1083 2667 lum
1100 2634 1142 2665 ab
1157 2644 1242 2665 anno
1259 2635 1380 2666 Lunai-i
1398 2633 1574 2675 cogitavit.

1057 2688 1099 2716 25
1137 2685 1295 2725 Primam]
1333 2685 1423 2717 Quia
1449 2693 1598 2715 mensem
1623 2683 1716 2715 Mar-

1017 2735 1112 2775 tium,
1141 2736 1284 2766 Romulo
1318 2736 1474 2776 primum,
1502 2733 1610 2766 Marti
1625 2733 1716 2775 patri

1015 2785 1178 2817 Romulus
1193 2785 1280 2816 idem
1297 2784 1518 2817 consecravit.

1058 2837 1100 2867 26
1124 2835 1293 2879 Proxima]
1314 2835 1433 2876 Pater,
1458 2834 1531 2868 scil.
1549 2833 1714 2877 siquidem
