1773 3121
198 191 313 234 2040
686 207 728 238 P.
760 207 919 244 ovmu
952 205 1167 241 NAsole

199 298 283 341 AEs
304 303 398 342 erat
416 299 461 342 in
480 301 652 354 pretio:
685 303 916 359 chalybeia
932 318 1082 346 massa
1101 306 1281 348 latebat.
1575 307 1662 362 405

257 367 364 409 Heu
383 381 516 421 quam
535 374 746 423 perpetuo
767 371 917 415 debuit
937 373 1012 413 illa
1032 375 1118 426 tegi
1138 375 1147 415 !

200 432 321 475 Pace
343 434 475 476 Ceres
494 436 605 478 laeta
624 441 703 479 est.
749 438 810 481 At
829 454 913 481 vos
934 445 1097 495 optate,
1119 442 1280 492 coloni,

258 502 529 556 Perpetuam
550 504 731 558 Pacem,
750 514 1090 563 perpetuumque
1112 509 1302 551 Ducem.

203 567 341 610 Farra
363 569 490 620 Deae,
514 574 727 627 micaeque
749 575 853 617 licet
873 576 1072 617 salientis
1090 576 1299 617 honorem

260 636 405 688 Detis,
425 644 472 678 et
491 639 536 679 in
557 645 723 682 veteres
742 642 893 683 thurea
913 655 1043 696 grana
1063 642 1202 684 focos.
1578 640 1665 682 410

203 701 276 754 Et,
297 706 334 745 si
354 706 479 747 thura
499 708 698 758 aberunt,
720 713 875 750 unctas
895 710 1116 751 accendite
1138 710 1297 752 taedas.

261 771 408 813 Parva
427 774 557 814 bonae
582 774 743 824 Cereri,
772 776 859 816 sint
877 776 1009 816 modo
1031 781 1171 826 casta,
1193 778 1386 831 placent.

203 836 379 882 Arbove
400 842 619 882 succincti
641 843 801 883 cultros
822 847 1042 884 removete
1063 844 1259 885 ministri.

262 906 354 947 Bos
376 913 491 949 aret:
523 909 728 960 ignavam
748 910 994 951 sacrificate
1014 923 1150 951 suem.

204 971 326 1025 Apta
340 973 454 1028 jugo
476 976 628 1017 cervix
647 989 734 1017 non
751 982 822 1017 est
842 977 1035 1020 ferienda
1055 978 1196 1019 securi
1213 991 1224 1019 ε
1581 976 1668 1017 415

263 1040 413 1092 Vivat,
435 1047 480 1083 et
499 1043 544 1082 in
565 1043 674 1084 dura
698 1057 818 1098 saepe
839 1045 1011 1086 laboret
1029 1045 1175 1087 humo.

204 1107 354 1162 Exigit
373 1110 472 1163 ipse
492 1111 633 1161 locus,
654 1116 806 1165 raptus
828 1117 872 1154 ut
892 1114 1071 1166 virginis
1090 1112 1235 1155 edam.

263 1176 402 1219 Plura
422 1191 730 1231 recognosces:
762 1193 909 1233 pauca
930 1181 1157 1223 docendus
1179 1182 1279 1223 eris.

207 1301 291 1329 terra
306 1298 427 1331 inversa
443 1303 565 1342 aspexit
581 1302 696 1333 Solem.
741 1303 800 1334 AEs
817 1303 923 1342 magni
941 1303 1143 1344 pendebatur,
1169 1311 1269 1334 massa
1284 1301 1442 1343 chalybeia
1455 1300 1574 1338 defossa
1589 1305 1668 1333 evat·-

206 1341 281 1373 Heu
296 1352 387 1382 quam
401 1343 458 1374 illa
474 1344 577 1375 debuit
588 1354 706 1384 semper·
721 1346 818 1376 lutere
830 1347 845 1377 !
870 1347 963 1376 Ceres
974 1347 1092 1385 gaudet
1108 1346 1203 1377 Pace.
1246 1347 1291 1376 At
1307 1355 1369 1385 vos,
1395 1345 1554 1383 agricolae,
1577 1355 1670 1385 expe·

207 1383 265 1414 tite
280 1385 360 1416 votis
375 1385 491 1416 Pacem
515 1387 730 1426 immortalem,
755 1391 786 1418 et
804 1389 925 1418 Ducem
949 1387 1164 1418 immortalem.
1212 1388 1348 1418 Potestis
1370 1387 1484 1427 offerre
1498 1387 1578 1418 Deoe
1593 1388 1669 1424 sru-

205 1430 320 1465 mmta,
342 1430 434 1467 atque
456 1428 600 1459 honorem
616 1429 702 1459 micae
716 1430 869 1470 salientis,
893 1432 984 1470 atque
995 1439 1099 1468 gruna
1113 1429 1222 1460 thurea
1245 1430 1279 1460 in
1293 1429 1437 1469 antiquas
1451 1439 1533 1460 aras-
1580 1430 1625 1460 Et
1640 1429 1669 1460 si

206 1468 299 1499 thura
313 1470 455 1509 deerunt,
470 1472 625 1502 accendite
633 1471 724 1509 faces
738 1476 856 1504 unctas.
906 1473 1033 1511 Exigua
1045 1475 1140 1509 grata
1159 1475 1231 1503 sunt
1247 1471 1332 1502 bonae
1350 1471 1457 1502 Cereri
1468 1482 1480 1508 ;
1501 1472 1589 1502 modo
1603 1471 1670 1502 sint

205 1512 336 1542 sincera.
382 1512 564 1545 Sacerdotes
577 1515 725 1545 succincti
750 1515 848 1546 tollite
873 1516 990 1546 cultros
1013 1525 1031 1545 a
1057 1516 1138 1546 bove.
1184 1515 1250 1546 Bos
1264 1515 1345 1546 colat
1368 1517 1484 1545 terram
1497 1524 1506 1545 .·
1533 1517 1668 1545 mactate

205 1563 329 1593 segnem
341 1565 478 1595 porcam.
525 1557 644 1588 Collum
659 1558 800 1589 idoneum
814 1558 896 1598 jugo
910 1568 970 1589 non
985 1561 1031 1589 est
1048 1559 1244 1589 mactandum
1259 1557 1394 1598 bipenni.
1444 1557 1518 1588 Vita
1525 1556 1669 1596 fruatur,

209 1600 238 1626 et
255 1607 335 1639 sa’pe
349 1598 466 1631 laboret
482 1599 516 1631 in
530 1601 607 1632 dura
623 1603 719 1633 terra.
766 1601 836 1642 Ipse
864 1602 946 1632 locus
959 1601 1094 1642 requirit
1117 1604 1150 1632 ut
1167 1600 1269 1632 dicam
1283 1603 1394 1642 raptus
1401 1601 1524 1641 puellae.
1569 1600 1670 1631 Plura

821 1682 1057 1697 eeeeeeeeeee

207 1741 269 1769 <105
294 1739 392 1771 Voss.
409 1740 474 1771 Res
488 1750 551 1782 pro
568 1742 645 1777 AEs,·
671 1746 707 1773 et
722 1741 765 1772 V.
778 1745 814 1772 et
830 1742 907 1773 Pet.
922 1741 956 1772 in
977 1741 1125 1782 pretium.
1150 1742 1232 1773 Tum
1248 1741 1328 1773 olim
1350 1740 1519 1773 edebatur
1533 1738 1671 1782 chalybis

200 1782 271 1819 jam
296 1792 387 1814 mass.
421 1793 482 1824 pro
512 1794 577 1825 quo
605 1784 682 1816 Pet.
707 1784 835 1825 chalybe
848 1784 918 1823 jam
931 1795 943 1821 ;
975 1790 1011 1816 et
1038 1784 1190 1824 Nauger.
1220 1785 1404 1826 chalybeia;
1427 1784 1524 1822 bene,
1547 1782 1669 1824 judice

209 1824 330 1856 Heius.
353 1825 394 1856 In
411 1835 461 1865 pr.
479 1826 522 1858 A.
535 1831 570 1858 et
587 1827 674 1859 Laeti
692 1827 907 1868 chaiybaeaque
919 1837 1008 1858 mass.
1024 1828 1160 1865 latebat5
1182 1827 1298 1859 latebat
1314 1827 1417 1859 etiam
1435 1827 1469 1858 in
1482 1825 1613 1858 Erfurt.
1631 1828 1668 1856 et

207 1867 280 1898 aliis
298 1869 486 1907 nonnullis3
505 1869 633 1909 patebat
649 1875 726 1901 erat
741 1870 775 1901 in
792 1880 858 1901 uno
876 1869 963 1901 Cod.
989 1870 1048 1902 sed
1065 1870 1157 1911 vulg.
1180 1870 1444 1911 placebat.-406
1465 1869 1565 1909 Vulg.
1581 1868 1670 1906 Heu,

208 1910 266 1939 heu
279 1915 397 1951 perpet.
414 1911 518 1942 Liber
540 1913 655 1944 Ursin.
673 1917 708 1944 et
722 1917 794 1953 opt.
809 1913 851 1944 V.
869 1913 981 1944 Eheu.-
1004 1917 1040 1944 at
1055 1913 1142 1944 Laeti
1160 1913 1236 1945 cod.
1257 1922 1308 1953 pr.
1326 1913 1459 1944 Bonon.
1475 1916 1511 1942 et
1527 1917 1593 1942 tres
1610 1909 1668 1939 alii

210 1952 282 1983 Heu
295 1956 505 1993 quam.———407
515 1954 584 1985 Pro
597 1958 630 1986 at
644 1955 779 1995 plurimi
792 1958 834 1986 et.
860 1955 977 1996 Optate
987 1955 1158 1995 meliores,
1171 1960 1259 1987 teste
1273 1954 1395 1986 Heius.
1409 1953 1517 1984 ceteri
1528 1954 1668 1982 orate.—

206 1997 270 2024 408
297 1996 513 2036 Perpetuumq.
529 2001 582 2027 est
595 2007 638 2028 ex
655 1998 744 2028 Maz.
762 1997 893 2029 Zulich.
910 2002 946 2028 et
962 1998 1077 2029 multis
1093 1998 1167 2029 aliis
1185 2009 1193 2029 z
1219 1998 1309 2038 vulg.
1332 1996 1523 2038 pacificumq.
1541 1998 1577 2025 et
1588 1993 1669 2026 Pet.

204 2036 517 2078 pmfferumw—atoffil
540 2038 670 2070 Arund.
683 2040 805 2072 salient.
823 2040 855 2070 in
870 2042 1042 2071 ora—410
1066 2040 1161 2071 Unus
1181 2040 1272 2071 Mor.
1288 2043 1348 2070 vet.
1365 2039 1458 2069 thura
1476 2037 1594 2077 liquata
1601 2035 1668 2074 foc.

209 2079 300 2110 Maz.
323 2089 417 2111 aurea
440 2081 638 2112 doum—411
664 2082 727 2112 Ed.
752 2082 900 2121 Neapol.
931 2081 995 2114 Sed
1018 2091 1079 2120 pro
1104 2083 1170 2115 Et.-
1193 2082 1233 2112 F.
1259 2081 1315 2112 At.
1337 2080 1430 2111 Dein
1457 2083 1526 2110 tres
1548 2079 1667 2119 scripti

208 2121 293 2152 thur.
309 2122 441 2153 aberint.
463 2123 546 2154 Tum
559 2123 835 2164 quatuorjunctas
847 2124 969 2155 accend.
986 2128 1022 2155 et
1037 2123 1114 2156 Pat.
1127 2124 1251 2154 accend-
1261 2123 1469 2164 pinus.—4l2
1484 2121 1667 2161 Gottotph.

210 2164 317 2195 Pauca
332 2164 401 2200 bon.
416 2164 500 2195 Mox
518 2164 560 2197 A.
575 2165 604 2195 si
618 2167 698 2197 mod.
716 2170 752 2196 et
767 2165 845 2196 Pat.
861 2165 1140 2197 dammam—413
1164 2165 1324 2206 Quinque
1339 2164 1417 2196 libri
1432 2174 1509 2195 succ.
1534 2165 1668 2195 cultrum

209 2216 285 2237 rem.
309 2206 494 2248 Gottorph.
521 2208 625 2238 etiam
650 2207 809 2249 prohibete
845 2207 1090 2240 minian—414
1124 2207 1191 2238 Alii
1215 2208 1483 2247 ignavum—415
1511 2207 1667 2240 Quatuor

213 2250 288 2281 libri
304 2259 384 2282 cerv.
397 2253 427 2281 et
443 2249 754 2288 nonseriend.—4l7
779 2250 836 2283 Fr.
851 2249 904 2281 ille
926 2259 990 2291 pro
1012 2250 1200 2292 ipsa-418
1225 2249 1353 2282 Aruud.
1368 2250 1446 2282 Pol.
1470 2249 1524 2281 Fr.
1541 2254 1577 2281 et
1591 2258 1666 2291 sep·

864 2348 1009 2381 NOTAE

251 2422 313 2451 405
339 2419 413 2459 AEs]
444 2419 596 2461 Propter
611 2429 689 2452 usus
710 2419 867 2452 rusticos.
1008 2424 1072 2452 409
1116 2420 1222 2461 Licet]
1266 2418 1382 2461 Atque
1414 2419 1499 2452 adeo
1534 2419 1665 2462 exiguis

251 2472 315 2501 406
338 2470 469 2511 Debuit]
507 2471 556 2502 Ut
577 2471 667 2502 nulla
688 2471 853 2503 bellorum
876 2475 912 2503 et
966 2471 1062 2503 donis
1078 2475 1240 2503 contenta
1253 2475 1316 2502 est.

208 2523 300 2553 necis
318 2522 542 2553 instrumenta
557 2527 682 2554 essent.
1008 2522 1172 2563 Salienus]
1231 2521 1286 2552 Sal
1330 2528 1475 2562 namque
1518 2520 1551 2552 in
1588 2521 1667 2562 igne

253 2575 314 2603 407
339 2572 446 2612 laeta]
493 2571 581 2605 Quia
607 2581 669 2612 per
694 2581 813 2613 pacem
836 2572 909 2614 agri
966 2573 1115 2613 crepitat
1132 2577 1167 2603 et
1183 2571 1271 2603 salit.

212 2627 429 2654 exercentur.
1008 2625 1071 2656 412
1111 2623 1223 2663 Casta]
1267 2620 1332 2653 Pia
1361 2625 1396 2652 et
1433 2624 1526 2658 casta
1553 2625 1668 2654 mente

253 2675 314 2703 408
341 2672 543 2713 Per-pecuum]
572 2672 702 2704 Tiberii
719 2672 752 2703 in
767 2673 911 2713 gratiam
966 2673 1092 2706 oblata.

214 2725 286 2754 lna-c
303 2723 408 2760 dicta,
427 2722 522 2764 quasi
540 2722 633 2764 pacis
650 2723 773 2756 vindex
793 2723 912 2755 certis-
1011 2726 1071 2755 414
1104 2723 1272 2764 Ignavum]
1309 2722 1360 2755 Ex
1389 2721 1447 2755 illa
1472 2721 1561 2754 enim
1592 2722 1669 2754 viva

212 2774 313 2804 simus
331 2772 443 2805 fuerit.
968 2778 1093 2815 praeter
1109 2772 1305 2815 grunnitum
1321 2775 1357 2804 et
1370 2771 1479 2804 lutum
1492 2770 1574 2804 nihil
1590 2780 1667 2814 per·
