1773 3121
165 213 280 259 2188
655 225 695 255 P.
726 225 886 254 ovum
918 224 1132 257 NAsoms

167 319 231 362 At
251 318 485 375 Clymenus
505 318 752 372 Clothoque
773 318 938 368 dolent,
958 319 1055 360 haec
1077 318 1152 360 fila
1174 318 1327 370 reneri,

225 388 315 429 Hic
338 388 427 428 fieri
450 387 567 439 regni
585 386 687 439 jura
706 387 870 427 minora
891 387 974 428 sui.

167 454 343 508 Jupiter
364 454 614 507 exemplum
634 452 792 493 veritus
813 454 973 493 direxit
994 454 1036 493 in
1057 453 1180 495 illum

227 521 442 570 Fulmina,
465 513 537 575 qui
559 521 706 561 nimiae
726 527 918 561 moverat
938 523 1041 561 aitis
1064 533 1208 574 opem.
1535 522 1622 564 760

169 588 356 637 Phoebe,
377 588 642 641 querebaris⁸
711 588 828 628 Deus
849 594 931 630 est.
994 588 1176 628 placare
1197 588 1381 641 parenti.

224 655 414 709 Propter
437 662 492 705 te,
518 656 610 696 fieri
631 656 746 709 quod
769 659 899 704 vetat,
923 657 1015 709 ipse
1036 656 1154 696 facit.

169 721 281 763 NON
305 736 386 775 ego
406 728 460 772 te,
483 724 682 776 quamvis
703 725 960 776 properabis
981 724 1174 773 vincere,
1196 721 1362 774 Caesar,

225 790 274 829 Si
296 795 409 830 vetet
430 789 692 841 auspicium,
715 789 838 840 signa
858 801 1033 832 movere
1054 790 1201 831 velim.

169 856 264 897 Sint
283 857 363 896 tibi
386 855 632 895 Flaminius
651 854 1041 906 Thrasymenaque
1061 855 1208 895 littora
1223 858 1373 904 testeS,
1537 854 1623 898 765

225 923 311 963 Per
332 923 535 963 volucres
558 935 712 975 aequos
732 922 872 961 multa
891 934 1062 961 mouere
1084 921 1221 962 Deos.

167 989 387 1043 Tempora
410 990 448 1030 si
470 990 629 1030 veteris
651 989 813 1042 quaeris
833 989 1057 1030 temeraria
1077 988 1247 1042 damni3

226 1056 422 1107 Quartus
444 1058 499 1098 ab
517 1062 710 1098 extremo
731 1070 880 1099 mense
903 1058 973 1097 bis
995 1056 1068 1097 ille
1090 1057 1199 1098 dies.

166 1187 212 1218 At
240 1187 333 1218 Pluto
348 1191 377 1218 et
406 1188 515 1219 Clotho
531 1190 653 1219 moleste
660 1188 771 1226 ferunt
786 1190 851 1220 hoec
863 1190 924 1230 fila
939 1189 1050 1228 reneri,
1075 1192 1106 1220 et
1121 1188 1198 1228 jura
1221 1189 1270 1220 sui
1294 1188 1384 1228 regni
1397 1188 1476 1230 fieri
1491 1188 1624 1220 minora.

166 1231 293 1269 Jupiter
313 1233 448 1260 metuens
473 1233 645 1270 exemplum
671 1231 754 1261 misit
775 1232 896 1268 fulmen
920 1232 952 1261 in
976 1232 1075 1269 illum,
1097 1233 1150 1270 qui
1174 1233 1323 1262 attulerat
1349 1231 1502 1262 auxilium
1517 1232 1624 1262 nimioe

167 1273 257 1302 artis.
303 1272 428 1310 Pham,
446 1273 630 1312 querebaris.
676 1273 762 1303 Dens
777 1276 821 1303 est
832 1284 842 1303 .·
863 1283 966 1312 pacem
981 1273 1066 1303 ineas
1080 1282 1147 1303 cum
1161 1277 1250 1312 patre
1261 1284 1271 1303 .·
1293 1274 1356 1313 ipse
1364 1274 1447 1311 facit
1464 1277 1518 1304 tua
1532 1282 1624 1305 causa

167 1315 244 1354 quod
258 1314 411 1353 prohibet.
505 1316 572 1354 Ego
588 1316 693 1352 nolim,
711 1316 829 1351 Coesur,
854 1315 978 1344 tametsi
985 1314 1120 1351 festines
1134 1316 1266 1352 vincere,
1292 1319 1322 1345 te
1338 1325 1455 1346 movere
1470 1316 1573 1354 signa,
1597 1315 1625 1346 si

166 1356 334 1395 auspicium
347 1356 520 1396 prohibeat.
566 1357 742 1388 Flaminius
755 1360 784 1386 et
801 1358 877 1396 ripae
893 1357 1106 1395 lerasymenoe
1121 1357 1183 1386 sint
1198 1357 1256 1387 tibi
1271 1360 1375 1396 testes,
1389 1358 1473 1388 Deos
1478 1357 1625 1395 faventes

166 1400 261 1430 multa
276 1399 382 1429 docere
394 1408 451 1438 per
466 1407 545 1430 aves.
591 1398 629 1428 Si
651 1400 733 1439 petis
761 1402 898 1438 tempora
921 1398 1088 1428 temeraria
1111 1399 1248 1439 antiqua:
1271 1400 1379 1439 clodis,
1406 1399 1458 1430 ille
1476 1399 1543 1430 «lies
1557 1399 1624 1431 fuit

779 1481 1012 1493 mmeeme·

168 1546 219 1567 cus
248 1545 316 1566 curn
346 1536 533 1576 nemorisque
562 1536 609 1566 sui
640 1536 686 1568 D.
714 1545 830 1567 recessu
863 1536 1005 1566 C.—257
1042 1537 1208 1577 Clymenus
1245 1535 1341 1567 dedit
1381 1536 1502 1567 Heius.
1544 1536 1624 1578 quia

168 1580 282 1619 plures
320 1579 403 1609 Mss.
430 1579 597 1619 Lymenus‚
630 1579 767 1618 Limens,
796 1578 980 1615 Limeneus;
1019 1584 1054 1609 et
1086 1579 1164 1620 quia
1194 1579 1325 1610 Graecis
1356 1579 1518 1619 Clymenus
1555 1580 1626 1610 die·-

168 1627 222 1652 tus
251 1626 304 1652 est
332 1621 448 1658 Pluto,
478 1627 643 1661 quatenus
675 1620 716 1652 ad
747 1631 782 1652 se
811 1621 923 1652 omnia
952 1630 1098 1652 vocans:
1135 1622 1225 1662 vulg.
1259 1621 1412 1653 Lachesis.
1442 1622 1531 1652 Dein
1559 1623 1624 1653 hoec

168 1674 210 1694 ex
239 1664 281 1694 V.
313 1664 458 1699 Fratris,
485 1665 552 1695 Ma.
576 1671 610 1694 et
635 1664 769 1695 Ursin.:
800 1663 908 1694 ceteri
935 1674 1002 1694 sua.
1048 1665 1131 1694 Mox
1159 1665 1262 1695 etiam
1289 1674 1331 1694 ex
1359 1664 1490 1695 emend.
1518 1664 1624 1696 Hein-

167 1707 206 1736 sii
235 1706 408 1746 rescripsit
436 1707 551 1737 Burin.
579 1707 679 1737 reneri
707 1717 768 1746 pro
796 1707 886 1746 vulg.
914 1706 1034 1742 teneri;
1068 1712 1104 1737 et
1130 1707 1177 1737 sic
1202 1717 1248 1739 vs.
1274 1717 1342 1748 seq.
1392 1707 1453 1737 Hic
1480 1716 1540 1746 pro
1565 1707 1622 1738 Et.

167 1751 273 1780 —759
297 1749 407 1780 Ursin.
435 1759 486 1789 pr.
515 1750 592 1781 Pat.
618 1755 652 1780 et
675 1750 764 1780 Maz.
789 1750 822 1779 J.
847 1749 985 1789 exemplo
1011 1759 1072 1779 ver.
1096 1749 1227 1780 Zulich.
1250 1750 1521 1790 extemplo—760
1545 1748 1623 1782 Pet.

166 1801 251 1822 unus
267 1792 320 1831 qui
338 1792 437 1822 miroe.
482 1792 532 1822 Ex
550 1792 681 1824 Zulich.
698 1797 769 1832 opt.
794 1792 872 1822 Pat.
889 1791 975 1822 Laeti
993 1792 1078 1823 Cod.
1106 1797 1142 1823 et
1158 1792 1265 1823 tribus
1291 1792 1364 1822 aliis
1382 1791 1502 1822 Heius.
1526 1790 1624 1823 dedit

166 1837 302 1864 mot-erat
322 1844 384 1874 pro
409 1834 499 1872 vulg.
521 1838 668 1866 nra-erat:
691 1834 781 1875 conj.
809 1834 911 1865 etiam
928 1834 1078 1872 sorerat‚·
1100 1844 1176 1865 nam
1203 1839 1272 1865 tres
1297 1835 1417 1875 scripti
1445 1837 1623 1866 voverat.—

167 1879 229 1907 762
254 1876 323 1907 Pro
340 1876 420 1918 fieri
435 1877 645 1917 Maz.flecti‚·
671 1883 706 1908 et
722 1880 776 1908 Sa.
795 1887 869 1908 cum
887 1877 1000 1907 multis
1017 1877 1184 1918 aliisfleri.
1201 1878 1288 1908 Tum
1301 1878 1434 1918 quidam
1451 1876 1624 1916 quodfacit

168 1918 232 1957 ipse
247 1922 351 1950 vetat.-
375 1924 411 1950 et
426 1918 705 1956 duofuci8.—764
720 1920 894 1957 meliores,
908 1924 996 1951 teste
1013 1920 1130 1950 Heius.
1146 1923 1247 1956 retem
1260 1920 1316 1950 alii
1329 1920 1622 1951 =›etat.·Be.mm·et.

167 1963 272 1992 —765
297 1962 366 1992 Alii
387 1962 467 1993 Sunt
484 1962 663 1993 tibi.—-766
686 1963 789 1994 Multi
805 1964 902 1993 multa
927 1972 1046 1993 movere
1071 1963 1223 1994 1.).-768
1246 1963 1312 1994 Sex
1330 1962 1407 1994 libri
1426 1963 1561 1999 Quintus
1584 1961 1622 1992 ab

820 2058 967 2090 NOTAE

208 2132 272 2161 757
298 2130 421 2171 Clotho]
445 2131 568 2171 Parca,
584 2132 639 2163 cui
662 2132 694 2163 in
716 2130 788 2163 fata
809 2132 868 2162 ho·
965 2135 1028 2163 762
1052 2133 1156 2173 Fieri]
1189 2134 1243 2164 Ne
1274 2131 1398 2164 nortui
1427 2131 1621 2164 excitentur

166 2180 292 2212 minum
304 2181 359 2221 jus
374 2181 448 2213 fuit.
923 2187 1025 2213 cavet
1046 2183 1196 2222 Jupiter,
1210 2187 1245 2213 et
1261 2187 1374 2214 tamen
1390 2183 1620 2224 AEsculapinm

214 2231 299 2271 Fila]
323 2232 456 2264 Quibus
471 2232 642 2263 hominum
662 2231 767 2263 vitam
790 2240 867 2262 con·
923 2231 956 2262 in
974 2232 1094 2263 coelum
1111 2232 1285 2263 transfert.

167 2281 268 2312 tineri
285 2282 515 2313 crediderunt.
964 2284 1026 2312 763
1053 2282 1123 2312 Non
1139 2292 1193 2321 ego
1209 2281 1254 2321 te]
1277 2284 1310 2312 9.
1328 2281 1500 2313 Kalendas
1522 2292 1621 2314 occu-

209 2335 273 2363 758
307 2332 450 2372 Minora]
489 2331 658 2373 Siquidem
689 2331 730 2362 ad
763 2332 867 2362 vitam
923 2330 998 2362 buit
1015 2331 1056 2362 ad
1083 2333 1192 2363 lacum
1214 2333 1479 2372 Thrasymenum
1494 2332 1622 2364 C.F1a-

167 2387 422 2422 revocarentur,
453 2392 593 2423 quorum
620 2382 678 2413 fila
707 2381 868 2413 abscidis·
921 2383 1042 2413 minius
1073 2383 1209 2423 Consul,
1238 2383 1334 2413 clade
1372 2383 1507 2424 insigni.
1562 2383 1620 2414 Ob

168 2436 255 2463 seut.
921 2437 1038 2473 spreta
1060 2433 1211 2473 auspicia
1235 2432 1459 2464 crediderunt
1473 2432 1620 2465 factum:

211 2485 270 2513 761
302 2481 501 2521 Querebaris]
550 2483 638 2515 Quia
668 2481 868 2514 interfectus
922 2493 1027 2525 quare
1045 2493 1084 2514 ea
1100 2484 1225 2514 Caesari
1240 2483 1453 2514 commendat
1470 2484 1576 2515 Naso.

168 2532 258 2564 filius
275 2533 499 2573 AEsculapius.
963 2537 1025 2565 765
1065 2534 1285 2574 Tlirasymena]
1335 2534 1446 2564 Lacus
1475 2534 1620 2576 Thrasy-

211 2583 300 2614 Deus
314 2582 374 2622 est]
400 2583 539 2616 Relatus
556 2583 587 2613 in
608 2584 702 2614 Deos
717 2584 867 2614 AEscula·
919 2584 1008 2614 meni
1025 2584 1058 2614 in
1079 2593 1160 2623 agro
1177 2583 1357 2622 Perusino,
1373 2583 1428 2624 qui
1447 2583 1620 2617 Hetrurioe

171 2632 266 2675 pius.l
921 2637 985 2673 est,
1002 2633 1059 2663 ubi
1083 2633 1126 2663 ab
1145 2632 1310 2663 Annibale
1337 2632 1429 2664 fusus
1455 2634 1620 2666 Romano-

216 2682 362 2722 Placare]
405 2682 640 2715 Reconciliare
668 2682 745 2715 Jovi
775 2682 866 2723 patri
921 2692 992 2714 rum
1007 2683 1189 2714 exercitus.

170 2733 429 2775 tuo‚0Apollo.
964 2736 1025 2764 767
1067 2732 1259 2774 Temeraria]
1302 2733 1485 2766 Temerarii
1524 2734 1617 2767 ducis
