1773 3121
463 227 932 259 METAMORPHOSEON
971 227 1065 258 mn.
1099 229 1201 260 xw.
1449 221 1561 263 1635

108 322 282 364 Primus
301 323 453 373 habet3
484 322 673 375 laetaque
695 325 810 363 tenet
830 326 909 363 tua
928 335 1107 363 munera
1127 323 1316 364 dextra?

108 390 195 431 Sed
214 403 356 445 neque
369 389 464 442 jam
484 388 620 429 foetus
641 388 860 429 desiderat
881 390 1035 430 arbore
1057 390 1249 448 demtos,

109 457 223 507 Nec,
246 469 356 510 quas
374 455 521 496 hortus
543 456 635 506 alit,
655 469 752 496 cum
774 457 919 497 succis
938 457 1118 497 mitibus
1139 459 1312 508 herbas,

108 523 205 564 Nec
223 524 472 577 quicquam,
494 523 581 563 nisi
603 528 657 563 te.
720 523 928 564 Miserere
950 524 1164 565 ardentis:
1195 531 1240 566 ct
1258 527 1418 580 ipsum,

108 588 196 640 Qui
217 589 339 642 petit,
365 601 438 629 ore
455 601 553 629 meo
576 593 839 643 praesentem
861 589 987 631 crede
1008 592 1188 644 precari.

106 655 372 709 Ultoresque
394 657 530 705 Deos,
553 662 596 698 et
616 660 793 711 pectora
814 657 920 698 dura
942 671 1143 712 perosam

105 722 293 774 Idalien,
314 736 637 778 memoremque
659 725 761 766 time
785 725 1104 767 Rhamnusidis
1126 727 1248 780 iram.

105 787 294 844 Quoque
314 792 453 845 magis
475 792 645 842 timeas,
676 791 856 847 (etenim
877 793 984 834 mihi
1006 794 1145 835 multa
1165 798 1358 836 vetustas

104 857 228 899 Scire
249 858 408 911 dedit,)
438 860 618 900 reseram
640 864 735 902 tota
754 862 985 902 notissima
1007 860 1152 916 Cypro

107 923 270 977 Facta3
305 927 464 980 quibus
485 926 600 968 flecti
619 926 750 968 facile
771 932 812 969 et
831 929 1059 969 mitescere
1080 929 1246 981 possis.

1479 458 1562 500 690

1481 795 1566 837 695

104 1069 246 1099 coluntur
259 1080 278 1100 a
294 1073 337 1107 le,
351 1072 382 1100 et
398 1072 513 1100 tractat
530 1079 621 1100 manu
649 1069 744 1099 hilari
761 1072 816 1100 tua
831 1071 909 1100 dona
920 1067 936 1100 ‚⁹
982 1070 1042 1101 Sed
1057 1080 1151 1110 neque
1167 1080 1247 1101 nunc
1269 1072 1352 1111 cupit
1372 1071 1501 1108 fructus
1515 1074 1566 1104 de-

104 1115 206 1151 reptos
218 1111 391 1150 arboribus,
406 1122 499 1152 neque
515 1112 624 1142 herbas
637 1121 713 1151 quus
734 1111 842 1142 hortus
856 1112 959 1142 nutrit
985 1122 1053 1142 cum
1067 1113 1166 1142 succis
1181 1112 1320 1150 mitibus,
1336 1124 1389 1144 nec
1405 1115 1566 1155 quicquam

100 1156 218 1192 proeter
232 1157 272 1184 te.
320 1153 672 1193 Misererefiugroetntis;
696 1156 786 1193 atque
799 1157 877 1192 puta
894 1154 994 1193 ipsum
1006 1154 1058 1193 qui
1072 1154 1153 1193 petit
1167 1159 1350 1194 proesentem
1360 1165 1450 1187 orare
1465 1157 1566 1187 terbis

105 1196 199 1226 meis.-
221 1198 251 1226 et
264 1205 401 1226 ret-erere
417 1196 503 1226 Deos
527 1196 676 1231 vindices,
691 1198 722 1226 et
739 1195 861 1226 Idalien
885 1199 1078 1226 aversantem
1094 1198 1187 1227 corda
1202 1206 1296 1234 sceva,
1318 1201 1347 1228 et
1365 1198 1445 1229 iram
1460 1208 1569 1230 memo-

103 1246 168 1268 rem
186 1237 416 1268 Rhamnusidis.
463 1238 508 1268 Et
521 1247 578 1278 quo
592 1238 693 1277 magis
717 1238 829 1268 timeas
852 1238 1005 1279 (namque
1027 1242 1104 1269 oetas
1118 1239 1204 1274 dedit
1230 1239 1308 1270 mihi
1334 1241 1430 1271 multa
1446 1251 1571 1280 cognos-

103 1280 194 1318 cere)
218 1280 351 1311 narrabo
370 1279 462 1318 sactu
488 1281 736 1321 perspectissima
762 1284 831 1312 tota
864 1282 982 1321 Cypro,
1009 1281 1118 1321 quibus
1139 1281 1241 1322 possis
1261 1282 1361 1320 facile
1382 1284 1453 1314 duci
1477 1288 1569 1325 utque

104 1322 240 1355 deliniri.

716 1407 954 1419 eeeeeeeeeeee

107 1471 202 1502 Unus
218 1471 299 1502 Bas.
313 1474 373 1502 ten.
389 1481 465 1502 nora
478 1475 670 1504 mum—689
687 1473 845 1506 Quatnor
862 1474 939 1506 libri
953 1475 1023 1514 jam
1031 1474 1159 1513 fructus
1170 1475 1268 1506 desid.
1294 1475 1413 1507 Heins-
1429 1476 1570 1516 projam

107 1514 198 1554 conj.
209 1517 292 1550 tam,·
309 1519 344 1545 et
356 1517 430 1545 691.
447 1525 537 1555 quam
553 1525 614 1555 pro
627 1516 712 1553 νῶτ’,-
729 1518 782 1547 vel
800 1517 847 1548 sic
864 1518 948 1558 legit
967 1517 1059 1548 Nilve
1073 1518 1158 1548 aliud
1169 1528 1259 1559 quum
1269 1521 1422 1549 te.—692
1447 1519 1510 1553 Qui
1525 1529 1568 1550 ex

107 1555 236 1586 duobus
245 1555 329 1587 vett'.
342 1556 459 1588 Heius.
470 1557 564 1589 dedit
577 1567 637 1597 pro
648 1559 739 1599 vulg.
755 1561 966 1595 Quom—693
979 1561 1074 1591 Unus
1084 1570 1125 1591 ex
1136 1561 1331 1591 melioribus
1339 1561 1495 1599 pect.dira
1504 1570 1569 1600 per.

105 1600 210 1629 -694
235 1598 353 1630 Idalien
369 1609 411 1629 ex
426 1600 468 1630 O.
487 1609 535 1639 pr.
553 1601 642 1632 Mor.
659 1606 695 1632 et
708 1612 759 1641 pr.
775 1603 965 1642 Hamburg.
983 1607 1018 1633 et
1035 1612 1094 1633 sex
1109 1603 1204 1639 aliis;
1227 1603 1319 1641 vulg.
1338 1603 1493 1639 Idaliam,·
1518 1613 1570 1644 pr.

108 1641 182 1671 Pai.
208 1646 243 1670 et
267 1640 332 1670 duo
357 1642 412 1671 alii
442 1642 681 1673 Idaliam—695
710 1643 833 1674 Timeas
860 1644 984 1674 Heius.
1013 1644 1107 1674 dedit
1125 1653 1164 1673 ex
1184 1645 1216 1674 S.
1244 1645 1367 1681 Marci,
1388 1645 1430 1676 N.
1448 1646 1571 1678 Urbin.

105 1683 236 1714 Thuan.
255 1682 282 1713 1.
296 1683 438 1724 aliisque
457 1684 631 1723 plurimis;
656 1685 749 1723 vulg.
770 1696 889 1716 caveas.
913 1686 1008 1717 Unus
1026 1686 1128 1717 etiam
1146 1686 1264 1717 Heius.
1276 1688 1368 1726 plura
1385 1697 1446 1728 pro
1462 1689 1569 1720 multa.

107 1728 213 1757 —696
238 1726 388 1756 Berolin.
403 1729 466 1756 toto
483 1735 543 1766 pro
559 1730 745 1758 taem-697
769 1728 853 1758 Sixii
871 1728 955 1759 Cod.
970 1733 1005 1759 et
1024 1738 1108 1758 unus
1136 1728 1255 1760 Heius.
1278 1729 1381 1765 nita,-
1403 1731 1486 1770 quib.
1504 1731 1570 1762 De-

107 1768 185 1800 inde
202 1769 280 1800 Bas.
297 1773 331 1799 et
350 1774 418 1800 tres
432 1768 591 1807 anisacil.
605 1769 699 1810 stect.
718 1779 801 1800 unus
819 1770 991 1809 Med.sac.
1008 1771 1137 1812 etflect.
1154 1772 1237 1802 Mox
1254 1772 1403 1803 Berolin.
1422 1775 1489 1804 mit.
1502 1784 1572 1814 pos-

769 1874 801 1906 N
805 1874 909 1907 OTAE

150 1959 213 1989 688
239 1956 349 1997 Tenet]
387 1957 439 1988 Dc
456 1966 496 1988 eo
519 1956 622 1989 etiam
648 1956 813 1998 gloriatur

108 2010 182 2050 ipse
207 2009 417 2040 Vertumnus
453 2009 544 2049 apud
581 2009 813 2049 Propertium,

109 2059 252 2091 nominis
278 2059 328 2090 sui
346 2059 492 2090 rationes
518 2059 734 2100 proferendo,
764 2061 813 2091 his

109 2115 146 2142 et
173 2110 322 2152 piuribun
351 2111 424 2141 aliis
450 2111 583 2142 verbis:
613 2112 621 2128 ‘
638 2112 705 2142 Seu
736 2113 813 2152 quia

111 2161 271 2192 vertentis
305 2160 451 2192 fructum
479 2161 693 2202 percepimus
721 2161 812 2200 anni,

108 2210 285 2243 Vertumni
297 2221 410 2242 rursus
420 2210 566 2243 credidit
576 2221 648 2243 esse
657 2211 810 2244 sacrum!

149 2265 212 2294 6⁹³
258 2262 364 2303 Duru]
419 2262 536 2294 Amori
575 2263 683 2294 minus
715 2263 810 2295 obse-

108 2313 257 2354 quentin.

150 2365 213 2395 694
251 2364 385 2406 Idalien]
432 2364 602 2395 Venerem
635 2363 732 2404 dicit,
768 2364 810 2396 ab

110 2412 220 2446 idalio
233 2414 340 2456 Cypri
356 2424 492 2447 nemore
509 2415 559 2447 sic
576 2414 713 2447 dictam.

911 1958 1149 1999 Rhamnusidis]
1179 1958 1337 1990 Nemesis
1352 1964 1416 2000 est,
1431 1960 1518 1992 Jove
1537 1966 1573 1993 et

867 2009 1098 2046 Necessitate,
1130 2009 1184 2040 vel
1215 2009 1358 2040 Oceano
1390 2016 1425 2041 et
1456 2011 1571 2043 Nocte

867 2060 992 2100 genita,
1002 2060 1356 2100 scelerum‚superbia=
1368 2062 1571 2101 praesertim,

869 2111 985 2150 ultrix,
1033 2116 1069 2142 et
1105 2110 1269 2141 virtutum
1308 2112 1571 2151 remuneratrix,

868 2161 947 2202 quid
977 2171 1141 2202 quomque
1171 2159 1287 2192 facere
1316 2160 1435 2192 deceat
1461 2167 1573 2194 osten-

868 2211 971 2242 dens:
998 2222 1073 2253 quae
1089 2222 1108 2242 a
1128 2210 1344 2242 Rhamnunte
1362 2211 1491 2244 Atticae
1513 2223 1573 2254 op-

868 2261 960 2302 pido,
969 2261 1026 2292 ubi
1039 2262 1201 2302 tempium
1213 2261 1346 2299 habuit,
1358 2263 1574 2303 Rhamnusia,

866 2323 924 2344 neu
943 2312 1157 2352 Rhamnusis,
1173 2312 1267 2344 dicta
1280 2317 1346 2344 est.

908 2365 972 2393 096
998 2363 1115 2404 Cypro]
1157 2364 1243 2396 Qua:
1274 2364 1376 2395 maris
1404 2364 1573 2397 Mediter-

868 2413 960 2445 ranei
978 2414 1086 2445 insuia
1105 2413 1229 2445 Veneri
1245 2423 1349 2446 saera.
