1773 3121
227 250 342 292 20:36
718 263 758 294 P.
790 261 949 294 ovum
982 261 1194 293 NAsoNis

229 354 363 406 Quod
381 354 495 395 bene
514 354 692 396 mutarit
711 355 860 396 sedem
881 355 1187 410 Berecynthia,
1209 354 1322 397 dixit
1338 367 1349 408 3
1595 355 1686 397 355

285 421 478 475 Captant
497 422 678 463 mutatis
700 422 878 463 sedibus
901 436 1029 463 omen
1049 423 1179 464 idem.

226 489 495 539 Institeram,
519 502 651 543 quare
667 489 797 543 primi
818 490 1069 544 Megalesia
1089 490 1183 532 ludi

285 556 407 597 Urbe
427 557 566 599 forent
583 561 754 599 nostra:
786 572 887 599 cum
908 559 1021 609 Dea,
1052 558 1214 614 (sensit
1233 555 1387 611 enim,)

228 624 314 665 Illa
334 624 474 674 Deos,
497 625 656 678 inquit,
677 627 858 679 peperit.
904 625 1087 666 Cessere
1109 626 1278 679 parenti
1297 639 1306 666 :

286 692 646 745 Principiumque
668 693 760 734 dati
781 693 927 735 Mater
946 694 1124 735 honoris
1145 694 1289 734 habet.

229 759 319 801 Cur
340 759 469 813 igitur
491 759 664 809 Gallos,
686 760 762 813 qui
783 774 830 800 se
852 761 1069 810 excidere,
1091 772 1325 809 vocamu53

285 826 397 867 Cum
418 830 538 868 tanto
559 827 753 880 Phrygia
774 827 948 867 Gallica
969 827 1101 867 distet
1120 828 1277 868 humus
1295 829 1312 866 ’ἰ

228 894 359 943 Inter,
381 895 456 943 ait,
476 893 660 934 viridem
682 892 873 946 Cybelen
895 893 1093 945 altasque
1111 892 1329 942 Celaenas,

284 959 442 1001 Amnis
462 961 494 1000 it
515 960 682 1009 insana,
702 959 874 999 nomine
894 958 1066 1008 Gallus,
1089 970 1221 1012 aqua.

226 1027 317 1078 Qui
336 1028 451 1068 bibit
470 1026 585 1077 inde,
608 1026 722 1068 furit.
769 1025 932 1067 Procul
951 1026 1050 1066 hinc
1072 1025 1303 1076 discedite,
1325 1025 1425 1079 quis
1445 1029 1515 1067 est

283 1094 404 1136 Cura
422 1095 549 1136 bonae
571 1095 725 1135 mentis
743 1108 752 1135 ε
783 1093 989 1148 quibibit
1009 1094 1125 1144 inde,
1147 1093 1261 1134 furit.

227 1162 331 1204 Non
349 1162 482 1216 pudet
500 1162 749 1211 herbosum,
768 1161 876 1210 dixi,
898 1160 1099 1214 posuisse
1119 1163 1330 1201 moretum

285 1229 338 1270 In
360 1229 566 1271 Dominae
586 1229 785 1268 mensis?
818 1241 873 1269 an
893 1241 974 1269 sua
996 1241 1135 1270 causa
1155 1228 1338 1268 subest?

1600 690 1686 732 360

1599 1025 1686 1067 365

230 1350 331 1390 Quod,
344 1348 457 1389 inquit,
471 1348 682 1388 Berecynthia
700 1348 841 1386 feliciter
865 1349 1032 1380 mutaverit
1047 1350 1155 1387 locum,
1180 1351 1307 1389 captant
1323 1348 1402 1379 idem
1414 1346 1605 1388 praesagium
1620 1355 1686 1377 mu-

225 1393 303 1424 tacis
315 1392 446 1422 sedibus.
480 1391 672 1425 Quoesieram
685 1391 846 1429 intensius,
858 1401 915 1422 cur
931 1392 1104 1430 Megalesia
1121 1395 1219 1422 essent
1230 1391 1324 1431 primi
1335 1391 1400 1421 ludi·
1412 1390 1444 1421 in
1456 1394 1561 1420 nostra
1578 1390 1660 1420 Urbe
1673 1399 1686 1425 ;

225 1446 294 1465 eum
316 1435 398 1471 Dea,
423 1434 574 1471 (namque
589 1433 761 1470 πόαν-εἰη)
785 1433 880 1471 dixit,
907 1433 968 1464 Illa
991 1435 1111 1472 peperit
1125 1434 1219 1464 Deos.
1266 1434 1429 1463 Cesserunt
1450 1432 1571 1463 Matri.-
1595 1435 1688 1471 alque

226 1478 349 1508 Pam-„s
361 1475 476 1505 obtinet
491 1474 680 1514 principium
696 1475 818 1504 honoris
833 1475 948 1506 colluti.
995 1475 1198 1510 Quamobrem
1220 1484 1293 1513 ergo
1309 1476 1496 1513 appellamus
1513 1474 1619 1504 Gallos
1633 1473 1687 1512 qui

224 1529 256 1550 se
271 1519 484 1549 castraverunt
496 1527 509 1553 ,·
531 1526 599 1547 cum
624 1520 707 1547 terra
725 1517 850 1548 Gallica
872 1517 913 1547 sit
930 1520 1017 1548 tanto
1033 1520 1150 1548 remota
1166 1527 1184 1547 a
1201 1517 1343 1556 Phrygia
1355 1515 1371 1547 s?
1415 1516 1557 1554 Flavius,
1571 1515 1686 1555 inquit,

225 1561 349 1591 vmnzine
367 1560 488 1597 Gallus,
502 1559 583 1599 fluit
608 1569 688 1599 aqua
714 1569 825 1590 vesana
852 1559 936 1590 inter
960 1560 1091 1590 viridem
1121 1559 1253 1600 Cybelen
1281 1562 1371 1599 atque
1395 1559 1531 1589 excelsas
1547 1558 1686 1589 Celerius.

228 1603 291 1638 Qui,
306 1613 345 1633 ex
360 1612 394 1632 eo
408 1604 496 1642 potat
512 1601 640 1632 insanit.
685 1601 790 1641 Longe
805 1602 876 1632 hinc
895 1602 1006 1641 fugite
1021 1603 1129 1642 quibus
1154 1605 1200 1633 est
1224 1611 1310 1632 amor
1326 1611 1410 1632 sanae
1424 1601 1553 1631 mentis:
1576 1600 1628 1641 qui
1642 1608 1683 1630 ex

224 1656 258 1677 eo
271 1648 359 1687 potat
373 1644 502 1676 insanit.
547 1644 620 1676 Non
641 1645 750 1685 pudet,
777 1645 916 1685 inquam,
940 1645 1115 1677 adhibuisse
1138 1644 1299 1675 herbosum
1326 1646 1474 1675 moretum
1489 1643 1601 1674 mensis
1616 1640 1682 1674 Doa

834 1725 1071 1739 ‘eoeaeaeeoeeeb

224 1783 371 1823 lebrentq.
387 1781 543 1824 plerique
560 1784 645 1812 vett.
664 1781 720 1812 alii
737 1781 979 1823 concelebrantq.
1004 1782 1125 1814 Heius.
1153 1786 1262 1814 totum
1288 1781 1424 1813 distich.
1441 1780 1490 1812 sic
1515 1780 1682 1820 refingere

224 1825 385 1857 volebat:
412 1826 479 1856 Cur
494 1835 521 1856 v.
530 1824 560 1862 f.
576 1825 683 1855 ineunt
699 1835 724 1855 c.
740 1834 853 1864 quase,
874 1826 1030 1863 Mutnz'ta,
1052 1826 1216 1865 indictasq.
1239 1827 1290 1865 ᾅτ.
1325 1824 1393 1856 Sed
1412 1824 1481 1854 vid.
1504 1824 1585 1855 Not.
1602 1825 1685 1857 Var.

224 1871 330 1899 —357
354 1868 410 1899 Fr.
427 1867 726 1907 Magalesia.-362
748 1867 893 1898 Plurimi
924 1869 1004 1899 Cum
1029 1871 1151 1898 tantum
1176 1878 1195 1898 α
1223 1868 1264 1898 Ρ.
1287 1867 1367 1898 Pet.
1393 1866 1508 1898 Ursin.
1538 1871 1573 1897 et
1597 1868 1682 1899 alius

223 1910 308 1942 dant
322 1913 433 1942 tanto:
456 1915 493 1941 et
521 1910 612 1940 Maz.
639 1909 735 1940 Voss.
759 1908 891 1940 Arund.
919 1915 955 1941 et
972 1910 1102 1941 duobus
1128 1910 1201 1941 aliis
1229 1912 1275 1940 est
1301 1909 1412 1941 deest.
1435 1910 1518 1940 Tum
1541 1909 1630 1940 alter
1641 1910 1684 1941 P.

226 1953 335 1984 Gallia
350 1954 530 1984 dise—363
555 1952 611 1982 Fr.
640 1952 749 1991 ultasq.
766 1952 1012 1983 Cilenas.—364
1036 1952 1076 1982 In
1094 1952 1135 1982 P.
1152 1957 1187 1983 et
1204 1953 1369 1992 Excerpt.
1384 1952 1431 1982 D.
1458 1952 1501 1982 Α.
1516 1952 1544 1981 it
1558 1951 1591 1981 in
1606 1951 1683 1991 Scy·

224 1995 335 2036 thiens,
357 2005 390 2026 n.
409 1995 451 2026 G.
482 1996 693 2034 aquus—367
718 1995 761 2025 V.
789 1994 875 2024 Nam
899 1996 977 2034 pud.
994 1995 1078 2025 Tum
1103 1995 1265 2034 Excerpt.
1283 1994 1329 2025 D.
1346 1998 1382 2024 et
1404 1993 1446 2024 P.
1470 1992 1682 2023 herbosam.—

881 2089 1021 2122 NOTAE

225 2170 289 2202 per
305 2169 361 2192 eos
377 2159 463 2199 dies,
478 2159 598 2200 quibus
610 2158 699 2190 Diva
714 2168 776 2199 per
795 2159 923 2190 Urbem

224 2209 413 2248 ferebatur,
426 2209 642 2248 colligebant.

267 2263 330 2291 353
351 2260 493 2300 Vicibus]
511 2259 664 2290 Vicissim
680 2259 780 2289 modo
795 2259 836 2290 ad
852 2260 924 2291 haec

223 2310 325 2342 modo
338 2310 381 2340 ad
397 2310 454 2340 illa
469 2309 622 2341 convivia
644 2318 704 2349 per
726 2313 857 2340 mutuas
872 2319 923 2340 so-

225 2360 385 2391 dalitates
407 2358 649 2390 commeando:
678 2358 766 2399 qnod
788 2358 923 2399 quidem

223 2411 337 2451 prisco
351 2410 454 2441 verbo
477 2411 486 2427 ‘
499 2408 659 2440 mutitare
670 2408 679 2422 ’
692 2409 923 2449 appellabant.

223 2458 382 2490 Instituti
431 2468 512 2489 vero
555 2458 703 2499 denique
750 2464 816 2489 tres
861 2458 923 2489 viri

225 2510 410 2549 Epulones,
422 2509 476 2549 qui
489 2508 653 2540 ludicrum
667 2508 748 2539 illud
762 2514 795 2539 et
807 2509 923 2548 epula-

224 2568 262 2590 re
273 2556 473 2589 sacrificium
486 2563 657 2596 curarent,
668 2563 807 2598 propter
814 2567 923 2589 sacro-

226 2617 300 2638 rum
317 2606 581 2637 multitudinem.

267 2660 331 2688 354
347 2657 500 2697 Indicias]
514 2657 568 2688 Ab
583 2657 663 2698 ipsis
676 2658 922 2690 sacerdotibus.

267 2711 329 2739 355
355 2707 458 2747 Bene]
485 2708 623 2750 Quippe
639 2718 714 2749 quae
732 2709 870 2740 Romam
887 2708 921 2739 in

224 2757 397 2798 augustius
413 2756 616 2789 domicilium
633 2759 810 2791 concessit.

268 2809 332 2840 35ss
365 2808 517 2849 Mutatis]
558 2810 643 2841 Cum
671 2819 735 2851 per
768 2810 920 2842 diversas

978 2160 1176 2190 sodalitates
1193 2169 1235 2190 ex
1251 2157 1410 2189 convivio
1431 2156 1465 2188 iu
1487 2156 1679 2189 convivium

977 2208 1181 2239 concedunt.

1019 2261 1081 2289 357
1108 2257 1225 2297 Primi]
1262 2257 1375 2288 Primo
1399 2257 1473 2289 loco
1498 2262 1533 2288 et
1556 2267 1681 2298 magna

977 2307 1177 2340 celebritate
1194 2307 1415 2348 frequentati.

1020 2361 1082 2390 359
1105 2357 1181 2398 Illa]
1209 2358 1350 2398 Cybele,
1365 2357 1507 2388 scilicet.

1022 2408 1161 2448 Cessere]
1193 2408 1263 2447 Dii,
1279 2408 1419 2438 scilicet.

1020 2461 1081 2490 363
1108 2458 1262 2499 Celaenas]
1277 2458 1400 2489 Strabo
1414 2459 1579 2489 tumulum
1591 2458 1680 2490 facit

978 2509 1067 2540 Asiae
1097 2509 1230 2549 proprie
1259 2508 1372 2547 (fictir,
1388 2509 1421 2539 in
1449 2518 1516 2549 quo
1540 2513 1576 2540 et
1599 2509 1676 2540 urbs

977 2561 1129 2600 ejusdem
1161 2560 1313 2591 nominis.
1358 2559 1469 2591 Desiit
1494 2568 1574 2590 vero
1605 2560 1677 2599 illa,

976 2611 1133 2650 civesque
1150 2610 1183 2640 in
1198 2610 1407 2650 Apamaeam,
1421 2618 1540 2640 novam
1558 2609 1677 2642 urbem

975 2660 1062 2690 haud
1106 2659 1223 2700 procul
1257 2668 1277 2691 a
1312 2660 1482 2691 veteribus
1519 2660 1681 2701 Celaenis,

977 2711 1141 2742 translati.

1017 2762 1079 2790 364
1105 2759 1234 2800 [resana]
1267 2759 1357 2793 Quia
1371 2759 1506 2792 insanos
1528 2757 1612 2792 facit
1631 2759 1675 2791 de

976 2817 1016 2840 ea
1031 2808 1087 2851 qui
1103 2808 1234 2841 bibunt.
