1773 3121
246 203 361 246 1696
738 214 779 243 Ρ.
812 213 971 243 υνιῡιι
1005 211 1217 242 NAsouis

246 308 389 363 (Nam
410 320 612 356 memoro,
634 305 897 358 memorique
919 305 1065 346 animo
1085 305 1162 358 pia
1182 305 1316 345 verba
1335 302 1510 358 notavi)

248 375 377 416 Unus
400 376 494 422 erit,
516 387 647 427 quem
669 378 713 413 tu
733 373 861 414 tolles
883 374 926 412 in
949 373 1115 413 coerula
1135 372 1254 421 coeli,

250 442 432 483 Dixisti.
495 441 615 481 Rata
632 441 688 480 sit
709 440 938 480 verborum
956 452 1125 479 summa
1147 443 1331 480 tuorum.
1616 437 1702 478 815
1753 484 1757 485 ⁷

249 509 419 551 Annuit
439 509 727 561 omnipotens,
750 510 792 547 et
812 507 1002 547 nubibus
1024 505 1128 546 aera
1148 507 1280 546 caecis

251 576 470 624 Occuluit,
494 576 744 627 tonitruque
765 578 807 615 et
827 574 991 626 fulgure
1012 574 1161 613 terruit
1182 573 1359 613 Urbem.

254 642 369 693 Quae
391 643 475 682 sibi
493 643 720 695 promissae
743 643 874 681 sensit
896 641 1000 681 data
1019 642 1140 694 signa
1161 641 1346 693 rapinae,

253 710 529 762 Innixusque
550 709 706 758 hastae,
729 721 905 761 pressos
926 713 1095 749 temone
1117 711 1294 748 cruento

254 777 513 830 Impavidus
536 776 793 817 conscendit
813 788 948 828 equos
971 774 1211 823 Gradivus,
1233 779 1278 813 et
1298 774 1391 814 ictu
1622 772 1706 814 8:20

255 843 465 884 Verberis
489 843 730 896 increpuit:
762 854 1031 894 pronumque
1051 854 1127 894 per
1148 841 1250 881 aera
1270 841 1424 895 lapsus

255 910 462 951 Constitit
480 910 524 949 in
545 921 714 948 summo
735 909 959 948 nemorosi·
972 909 1085 948 colle
1107 909 1249 949 Palati
1267 922 1276 949 ε

248 1052 426 1093 frequentia
443 1052 593 1089 Deorum,
617 1061 689 1081 nam
702 1051 856 1091 recordor,
873 1055 903 1083 et
926 1051 1082 1083 observavi
1106 1051 1158 1092 pia
1182 1051 1267 1081 dicta
1288 1053 1382 1089 grata
1408 1052 1518 1090 mente,
1537 1049 1624 1081 Unus
1640 1049 1714 1087 erit,

257 1105 344 1135 quem
361 1098 395 1124 tu
407 1094 510 1124 evehes
526 1094 556 1123 in
573 1094 679 1124 coelum
693 1095 868 1124 coeruleum.
913 1094 1040 1125 Summa
1056 1098 1178 1125 tuorum
1194 1094 1346 1124 dictorum
1362 1092 1519 1133 sitflrma.
1566 1091 1712 1130 Omnipo-

258 1142 327 1168 tens
342 1146 479 1166 assensus
502 1140 568 1166 est.-
591 1139 683 1175 atque
698 1136 829 1166 obduxit
845 1137 949 1166 coelum
965 1137 1066 1176 opacis
1081 1136 1210 1173 nebulis,
1230 1139 1260 1166 et
1275 1135 1446 1172 tremefecit
1467 1135 1580 1165 Urbem
1595 1134 1713 1164 tonitru

258 1183 289 1210 et
298 1179 437 1218 fulgure.
487 1178 564 1212 Quae
593 1178 752 1208 Gradivus
777 1179 920 1216 cognovit
951 1188 1023 1208 esse
1053 1178 1169 1208 indicia
1192 1178 1252 1207 sibi
1275 1177 1416 1208 exhibita
1438 1180 1546 1216 raptus
1557 1176 1688 1207 concessi
1700 1185 1712 1212 ,·

258 1225 350 1261 atque
365 1220 493 1251 innixus
508 1220 605 1250 hastae
620 1219 771 1260 confidens
796 1221 969 1251 conscendit
995 1230 1085 1260 equos
1105 1223 1227 1250 onustos
1241 1223 1357 1250 temone
1377 1223 1513 1255 cruento,
1528 1223 1557 1250 et
1573 1219 1714 1249 hortatus

259 1268 304 1295 est
320 1264 384 1294 ictu
398 1262 522 1293 scuticoe
531 1273 542 1299 ,·
565 1266 595 1292 et
611 1265 714 1292 vectus
736 1272 793 1303 per
807 1263 952 1293 declivem
966 1264 1083 1302 aerem,
1105 1263 1247 1293 substitit
1260 1262 1293 1293 in
1307 1266 1444 1292 extremo
1459 1262 1613 1292 cacumine
1621 1259 1713 1298 fron-

884 1356 1117 1368 ccccccccccc

263 1421 347 1452 Nam
382 1431 530 1451 memoror
566 1431 654 1452 mem.
703 1421 820 1452 Heius.
855 1420 944 1460 conj.
969 1418 1080 1457 refero.
1126 1420 1213 1450 Dein
1241 1420 1273 1450 in
1303 1419 1502 1460 quibusdam
1529 1418 1623 1449 anim.
1662 1419 1716 1448 tua

262 1463 344 1494 verb.
389 1463 481 1493 Med.
508 1473 590 1494 unus
619 1468 673 1494 tua
698 1464 900 1494 ἀπίω-814
925 1463 1026 1503 Vulg.
1054 1463 1142 1493 tolles
1168 1464 1207 1492 ad
1232 1462 1333 1493 sidera
1358 1462 1423 1492 coel.
1449 1461 1583 1500 plurimi
1605 1459 1714 1491 Codd.

262 1506 353 1535 tollas
368 1504 400 1536 in
416 1506 554 1543 coerula‚·
577 1511 611 1537 et
628 1507 673 1536 N.
692 1506 812 1536 Urbin.
830 1507 999 1545 Bernegg.
1025 1506 1124 1535 Cant.
1142 1514 1193 1544 pr.
1210 1505 1251 1535 V.
1280 1509 1315 1535 et
1345 1504 1419 1534 Pal.
1450 1508 1486 1534 et
1512 1502 1606 1533 Med.
1639 1511 1715 1532 cum

263 1547 376 1577 multis
405 1548 497 1578 aliis:
534 1553 569 1578 at
594 1548 754 1578 Heidelb.
782 1558 873 1588 pones
897 1548 929 1578 in
952 1548 1077 1583 sidera;
1114 1554 1148 1578 et
1175 1547 1326 1577 Berolin.
1354 1547 1440 1577 tolles
1464 1555 1554 1584 super
1578 1544 1729 1579 cetheum,

263 1589 410 1628 denique
428 1590 523 1620 Voss.
540 1590 572 1620 z'n
585 1591 835 1621 culmina—817
861 1591 984 1620 Plures
1001 1590 1056 1619 alii
1073 1593 1149 1620 terr.
1167 1590 1387 1619 orbem—818
1411 1588 1453 1618 Ο.
1470 1592 1505 1618 et
1522 1596 1590 1617 sec.
1604 1587 1717 1617 Stroz·

264 1641 311 1662 zae
331 1631 399 1666 Quo
414 1631 472 1661 sib.
516 1632 667 1662 Berolin.
695 1632 769 1666 Qui.
818 1632 951 1661 Deinde
968 1632 1034 1661 duo
1054 1631 1149 1661 Leid.
1176 1636 1211 1661 et
1238 1632 1314 1661 Bas.
1342 1630 1436 1661 sentit
1463 1639 1523 1670 pro
1542 1630 1658 1660 sensit.-
1681 1632 1718 1659 et

263 1676 335 1704 rata
350 1673 432 1712 sign.
458 1674 596 1704 exhibet
612 1674 646 1704 S.
664 1674 786 1711 Marci,
806 1674 953 1703 Rerolin.
981 1678 1089 1713 quart.
1119 1673 1214 1704 Med.
1241 1677 1275 1703 et
1304 1682 1363 1703 sex
1387 1673 1560 1703 auh—819
1585 1672 1716 1702 Grono-

265 1716 339 1746 vius
354 1716 497 1746 malebat
519 1726 643 1756 prensos
657 1720 728 1746 tem.
777 1715 912 1746 Deinde
929 1725 1011 1745 unus
1036 1716 1153 1746 Heius.
1167 1719 1238 1746 tem.
1261 1715 1493 1746 calenti.—S20
1516 1715 1557 1745 V.
1574 1719 1609 1745 et
1624 1712 1719 1744 Med.

266 1758 458 1798 ImpavidoSt
482 1759 571 1789 Mor.
597 1764 632 1789 et
654 1759 759 1789 Gron.
786 1758 925 1789 ascendit
951 1760 1101 1797 eq.—S2l
1131 1758 1202 1789 Pal.
1228 1762 1263 1788 et
1288 1763 1418 1798 septem
1446 1757 1502 1787 alii
1525 1765 1720 1797 pronusque:

267 1801 347 1832 Jun.
368 1810 559 1841 purumque;
582 1801 688 1832 Gron.
708 1801 898 1841 pariterque.
946 1800 1080 1830 Deinde
1108 1801 1254 1831 Berolin.
1274 1810 1331 1840 per·
1355 1800 1590 1831 aethera.-822
1614 1798 1721 1832 Quin-

924 1893 1069 1925 NOTAE

313 1989 374 2018 814
403 1987 462 2026 Tu]
481 1988 511 2019 Ο
529 1989 636 2027 Mars,
652 1988 793 2018 scilicet.
828 1986 969 2027 Optime

273 2045 351 2067 vero
363 2045 424 2075 per
436 2037 596 2067 virtutem
611 2037 704 2068 Jovis
719 2036 883 2077 promissa
895 2040 970 2066 rata

272 2096 347 2117 esse
381 2086 517 2126 scripsit
544 2086 665 2117 Poeta.
726 2086 809 2117 Qure
841 2086 969 2116 utinam

1023 1987 1293 2026 haberet,s11bito
1305 1991 1424 2019 coorta
1434 1990 1632 2028 tempestas,
1644 1996 1719 2018 cum

1024 2048 1145 2076 magno
1176 2038 1310 2078 fragore
1358 2038 1621 2078 tonitribusque,
1650 2042 1721 2068 tam

1025 2088 1130 2119 denso
1146 2098 1259 2128 regem
1288 2089 1423 2128 operuit
1447 2087 1574 2126 nimbo,
1590 2092 1628 2118 ut
1643 2096 1722 2118 con-

274 2136 400 2177 garruli
428 2137 563 2176 plurimi
593 2137 789 2173 Christiani,
813 2136 970 2176 deposita

274 2186 434 2217 adversus
450 2187 562 2216 Deum
575 2186 755 2225 calumnia,
770 2195 866 2226 aequa
877 2186 970 2216 lance

274 2236 491 2277 perpendere
510 2241 722 2276 satagerent.

316 2289 379 2317 816
411 2286 566 2325 Nubibus]
614 2286 747 2316 Oborta
785 2290 971 2326 tempestas

275 2337 421 2378 solisque
440 2336 591 2366 defectio
608 2336 878 2367 consecrationis
897 2346 972 2377 spe-

274 2387 360 2418 ciem
385 2386 630 2426 praebuerunt:
668 2386 722 2416 cui
755 2395 831 2416 mox
862 2386 972 2417 Julius

275 2436 440 2467 Proculus
482 2435 582 2466 fidem
623 2434 717 2475 fecit,
751 2435 857 2465 visum
890 2445 909 2465 a
938 2446 974 2467 se

278 2485 454 2517 Romulum
468 2484 635 2515 affirmans
657 2484 852 2525 augustiore
868 2483 974 2516 forma

277 2545 377 2577 quam
394 2534 522 2565 fuis-et.
562 2535 691 2566 Florus.

320 2587 382 2615 817
402 2585 540 2624 Terruit]
558 2584 652 2615 Istud
667 2594 707 2614 ex
724 2584 872 2616 historiae
886 2584 973 2615 fide:

279 2643 356 2665 nam
372 2635 546 2674 Romulus,
563 2640 599 2665 ut
624 2639 736 2665 narrat
755 2635 882 2674 Livius,
900 2644 975 2665 cum

281 2685 323 2714 ad
352 2684 540 2715 exercitum
565 2684 810 2716 recensendum
843 2684 975 2715 concio-

281 2744 358 2765 nem
384 2735 420 2765 in
455 2744 575 2776 campo
599 2734 642 2766 ad
669 2735 789 2775 Caprae
818 2734 975 2776 paludem

1025 2143 1178 2178 spectum
1196 2138 1269 2178 ejus
1284 2138 1437 2169 concioni
1455 2137 1646 2168 abstulerit.

1068 2191 1129 2219 818
1158 2188 1302 2228 Rapinoe]
1330 2188 1467 2219 Romuli
1489 2197 1531 2217 ex
1557 2187 1658 2218 terris
1688 2187 1722 2219 in

1026 2238 1147 2268 coelum
1165 2237 1355 2268 auferendi.

1068 2291 1131 2319 819
1153 2288 1308 2328 Cruento]
1337 2288 1385 2319 Ut
1407 2287 1637 2328 bellipoteutis
1653 2286 1724 2318 Dei

1028 2347 1099 2369 esse
1117 2338 1231 2368 decet.

1070 2391 1132 2419 820
1181 2388 1351 2429 Gradivus]
1399 2388 1505 2428 Mars,
1539 2387 1596 2429 qui
1629 2386 1677 2418 ita
1704 2397 1725 2418 a

1031 2438 1223 2474 Gradiemlo,
1262 2438 1315 2468 vel
1366 2448 1385 2468 a
1427 2437 1594 2476 Vibrando,
1634 2435 1724 2478 quod

1029 2487 1198 2528 κραδαίνειν
1214 2491 1265 2518 est
1282 2487 1426 2526 GraeclS,
1441 2487 1577 2518 dicitnr.

1071 2541 1131 2569 821
1148 2537 1321 2577 Increpuit]
1331 2538 1339 2554 ‘
1353 2537 1573 2577 Insonuitque
1581 2535 1726 2577 flagello’

1029 2587 1117 2618 dixit
1136 2587 1255 2624 Virgil.

1071 2639 1133 2667 822
1158 2635 1278 2674 Palati]
1315 2635 1391 2667 Jam
1407 2644 1507 2675 supra
1522 2635 1611 2665 hune
1622 2643 1726 2667 unum

1030 2696 1103 2717 esse
1141 2695 1182 2717 ex
1214 2686 1358 2716 collibus
1383 2685 1542 2716 Romanis
1568 2684 1726 2724 diximus,

1030 2736 1278 2777 Imperatorum
1292 2735 1372 2767 sede
1394 2736 1473 2768 olim
1490 2734 1728 2768 clarissimum.
