1773 3121
173 231 286 276 1928
654 244 697 276 P.
728 244 888 276 ovum
921 244 1135 277 NAsoms

1535 291 1551 306 0

175 336 398 378 Mittenda
417 339 482 377 est
503 336 679 379 domino
708 339 856 394 (nunc,
879 354 992 382 nunc
1014 342 1261 394 properate,
1281 338 1462 394 puellae)
1531 340 1616 382 745

231 403 561 456 Quamprimum
582 409 727 446 nostra
747 408 865 449 facta
881 409 1056 449 lacerna
1076 421 1219 448 manu.

175 469 295 521 Quid
318 474 455 511 tamen
479 472 697 513 audistis?
730 487 827 515 nam
850 476 973 528 plura
994 475 1143 515 audire
1163 473 1328 515 soletis.

231 536 459 587 Quantum
477 539 528 578 de
550 539 665 579 bello
687 540 843 581 dicitur
865 555 964 582 esse
987 543 1148 594 super?

172 603 416 646 Postmodo
437 606 557 647 victa
579 606 736 649 cades:
767 610 1032 656 melioribus,
1055 608 1217 658 Ardea,
1238 611 1393 658 restas,

231 671 466 725 Improba3
498 687 597 726 quae
618 678 789 716 nostros
810 677 932 729 cogis
954 678 1110 716 abesse
1129 676 1260 717 viros.
1536 674 1620 714 750

174 737 270 778 Sint
289 742 455 780 tantum
475 740 654 782 reduces
673 742 682 781 !
743 742 829 782 Sed
850 743 964 782 enim
984 743 1238 783 temerarius
1257 741 1330 782 ille

231 804 309 845 Est
328 818 478 858 meus;
509 811 551 847 et
572 808 720 847 stricto
741 807 937 859 quolibet
958 821 1061 848 ense
1083 809 1182 849 ruit.

175 868 304 911 Mens
325 872 428 922 abit,
450 876 493 913 et
508 873 684 921 morior,
707 872 879 925 quoties
900 875 1138 926 pugnantis
1159 875 1304 926 imago

232 936 309 977 Me
329 939 471 980 subit:
504 943 548 979 et
569 939 759 991 gelidum
779 944 962 992 pectora
978 940 1116 992 frigus
1137 940 1281 981 habet.

174 1003 349 1046 Desinit
367 1006 413 1045 in
434 1006 678 1060 lacrymas:
711 1008 961 1061 intentaque
982 1007 1057 1047 fila
1075 1006 1280 1059 remittit3
1537 1007 1622 1048 755

232 1070 285 1110 In
307 1072 470 1124 gremio
493 1074 662 1116 vultum
681 1074 969 1128 deposuitque
991 1086 1133 1115 suum.

169 1189 257 1227 Jam,
265 1189 336 1228 jam
342 1189 508 1230 festinate,
522 1194 642 1233 puelloe,
656 1194 778 1224 lacerna
793 1198 882 1225 texta
898 1197 1005 1225 nostra
1027 1202 1120 1223 manu
1146 1192 1232 1223 brevi
1254 1192 1407 1223 mittenda
1428 1195 1475 1223 est
1488 1191 1624 1223 domino.

174 1232 258 1266 Quid
274 1234 375 1262 tamen
390 1233 573 1273 accepistis?
594 1244 666 1265 nam
680 1236 786 1265 soletis
800 1237 908 1266 audire
917 1237 1007 1275 plura
1018 1245 1028 1264 :
1051 1237 1198 1274 quantum
1227 1235 1316 1264 aiunt
1339 1238 1455 1265 restare
1469 1236 1506 1265 de
1521 1234 1598 1265 bello
1608 1232 1625 1266 12

174 1274 270 1304 Brevi
282 1275 460 1314 procumbes
471 1278 629 1315 superata,
644 1276 748 1307 Ardea
764 1277 912 1317 improba,
937 1277 1040 1307 debita
1055 1286 1086 1307 es
1091 1276 1292 1315 fortioribus,
1313 1285 1380 1316 quae
1395 1277 1481 1315 cogis
1495 1276 1625 1307 maritos

170 1320 290 1346 nostros
302 1316 413 1348 abesse.
457 1318 667 1348 Revertantur
682 1320 789 1349 modo:
813 1321 866 1350 sed
880 1319 961 1350 enim
976 1319 1028 1349 ille
1042 1328 1126 1349 meus
1141 1321 1188 1348 est
1202 1319 1305 1348 audax
1315 1328 1328 1355 ,·
1355 1321 1385 1348 et
1405 1318 1538 1358 qualibet
1553 1317 1626 1355 fer-

170 1361 224 1388 tur
238 1360 351 1389 nudato
366 1369 444 1389 ense.
490 1360 611 1399 Deficio
626 1361 739 1398 animo,
762 1365 854 1401 atque
869 1362 996 1399 morior,
1014 1361 1131 1400 quoties
1144 1361 1256 1400 species
1270 1361 1420 1390 certantis
1433 1360 1578 1399 recurrit,
1593 1362 1624 1390 et

170 1401 287 1439 glacies
301 1405 425 1441 occupat
440 1411 492 1432 cor
499 1400 670 1440 frigidum.
715 1403 809 1434 Facit
824 1404 926 1443 finem
942 1404 1050 1443 flendo
1062 1414 1075 1439 ;
1097 1406 1128 1433 et
1153 1403 1241 1432 laxat
1257 1402 1321 1444 fila
1350 1406 1503 1443 contenta,
1532 1405 1625 1442 atque

784 1482 1016 1493 eeeeeeeeeeee

173 1536 306 1568 Zulich.
332 1535 466 1567 Arund.
490 1540 525 1567 et
552 1537 701 1578 quinque
729 1538 802 1568 aliis
818 1547 879 1577 pro
903 1538 994 1577 vulg.
1010 1537 1183 1569 illa—746
1205 1537 1247 1569 In
1264 1537 1384 1568 iisdem
1402 1537 1508 1569 Codd.
1522 1540 1627 1569 vestra.

172 1589 234 1619 pro
251 1581 475 1610 nostra.-—747
499 1578 643 1610 Plurimi
670 1584 744 1611 tam.
769 1578 913 1612 auditis?
936 1580 1024 1610 Tum
1049 1581 1109 1612 Be.
1125 1580 1196 1618 jam
1218 1580 1300 1621 plur.
1328 1590 1412 1611 unns
1440 1581 1529 1612 Mor.
1554 1589 1626 1611 nam

170 1623 249 1661 plus.
293 1621 429 1652 Deinde
444 1622 548 1653 soletis
562 1626 615 1653 est
631 1632 673 1653 ex
696 1623 784 1654 Laeti
801 1622 885 1654 Cod.
906 1626 942 1653 et
966 1632 1031 1653 uno
1055 1623 1093 1654 F.
1118 1624 1208 1663 vulg.
1230 1623 1476 1662 potestis—749
1498 1623 1627 1653 Versus

173 1664 216 1695 de
232 1663 354 1695 mendo
371 1668 561 1704 suspectus.
589 1665 789 1705 Cogitabam
805 1664 996 1705 aliquando,
1012 1665 1184 1696 Dummodo
1199 1665 1281 1696 victa
1297 1668 1401 1704 cadas,
1413 1675 1454 1695 m.
1468 1665 1508 1697 Α.
1521 1667 1628 1701 resta,-

172 1712 211 1737 nt
228 1706 273 1737 sit
299 1707 462 1738 voventis.
486 1707 600 1738 Heins.
645 1708 750 1738 Nulla
775 1708 855 1738 mihi
870 1707 924 1738 liic
945 1707 1058 1738 mendi
1076 1707 1244 1748 suspicio;
1266 1717 1372 1749 neque
1388 1707 1523 1738 codices
1540 1706 1629 1738 vari-

174 1753 244 1788 ant,
259 1749 323 1780 nisi
339 1749 429 1790 quod
445 1749 478 1779 in
494 1759 560 1781 uno
574 1750 720 1790 Petavii,
736 1751 883 1782 Strozzae
910 1753 946 1780 et
968 1750 1136 1781 Patavino
1158 1750 1213 1789 sit,
1232 1753 1339 1790 postea
1362 1751 1444 1780 vz'cla
1457 1751 1568 1786 cadem
1590 1752 1629 1781 et

173 1791 273 1830 impia
289 1791 322 1822 in
337 1792 425 1823 Laeti
442 1792 571 1824 codice.
617 1793 756 1824 Sensum
785 1802 865 1823 vero
890 1796 997 1832 puto:
1032 1796 1126 1823 certo
1153 1792 1255 1823 cades
1273 1797 1404 1833 postea,
1420 1792 1557 1823 Ardea:
1582 1791 1626 1822 de

175 1843 215 1863 eo
229 1843 294 1865 non
311 1834 444 1874 dubito,
458 1835 518 1865 sed
534 1844 629 1866 mora
652 1845 705 1866 me
721 1836 865 1873 cruciat,
883 1844 944 1875 per
965 1845 1064 1875 quam
1080 1844 1182 1866 careo
1199 1835 1281 1866 viro.
1327 1835 1488 1875 Improba
1501 1844 1548 1874 es,
1562 1832 1628 1865 Ar-

175 1876 252 1913 dea,
267 1887 342 1917 quae
359 1882 459 1917 putas
475 1882 510 1908 te
525 1877 716 1909 resistendo
733 1886 930 1916 evasuram;
954 1878 1099 1917 capieris
1112 1882 1227 1915 certe3
1245 1887 1319 1908 nam
1334 1877 1463 1908 resistis
1480 1876 1628 1907 meliori-

173 1917 248 1956 bus,
261 1919 294 1948 id
305 1923 358 1950 est
372 1918 581 1959 fortioribus,
591 1920 691 1960 etqui
702 1924 735 1950 te
751 1920 910 1951 vincent:
935 1924 972 1949 ut
988 1921 1036 1950 ita
1059 1920 1068 1936 ‘
1085 1919 1233 1959 Tydides
1247 1920 1366 1949 melior
1377 1918 1499 1958 patre,’
1509 1921 1544 1948 et
1555 1926 1627 1957 pas-

174 1961 247 1991 sim.
282 1961 416 1992 Restare
427 1971 506 1993 vero
526 1962 579 1992 hic
596 1962 740 2001 positum
756 1967 810 1992 est
826 1971 887 2001 pro
909 1961 1079 1991 resistere.
1104 1961 1190 1991 Vide
1201 1961 1350 1991 Gronov.
1365 1961 1406 1990 ad
1419 1960 1492 1990 Liv.
1505 1968 1555 1990 lv.
1572 1961 1626 1991 58.

177 2010 280 2032 XXVI.
299 2006 329 2034 3.
351 2004 569 2034 Burm.—751
595 2004 650 2034 Fr.
677 2005 744 2034 red.
759 2004 852 2034 timeo
868 2006 973 2033 temer.
997 2002 1066 2032 Pro
1082 2002 1133 2031 ille
1149 2001 1215 2032 dno
1231 2006 1315 2032 vett.
1331 2004 1411 2032 ultro
1422 2013 1432 2032 .-
1455 2003 1490 2032 in
1503 2010 1569 2032 uno
1583 2000 1626 2033 V.

176 2047 258 2073 esto:
294 2045 413 2076 Heius.
429 2045 519 2084 conj.
537 2048 582 2076 est
597 2049 733 2076 0.--752
750 2046 789 2076 In
806 2046 866 2076 Be.
883 2049 918 2074 et
933 2048 1011 2074 octo
1027 2043 1099 2074 aliis
1121 2043 1178 2073 Vir
1193 2053 1286 2074 meus.
1311 2044 1395 2074 Mox
1412 2045 1503 2083 vulg.
1522 2043 1625 2074 strict.

176 2085 336 2124 qualibed,-
360 2096 445 2116 unus
463 2088 552 2117 Mor.
568 2087 755 2127 quemlibet.-
779 2092 814 2118 at
831 2087 927 2117 multi
952 2090 1036 2116 vett.
1065 2086 1147 2116 dant
1177 2086 1321 2126 quolibet.
1345 2086 1508 2116 Nonnulli
1524 2085 1628 2116 etiam

173 2127 253 2166 petit
268 2137 328 2167 pro
343 2128 419 2159 ruit.
443 2128 561 2158 Heius.
587 2130 677 2169 conj.
701 2129 804 2160 stricl.
821 2128 987 2167 quamlibet
1012 2137 1073 2159 ens.
1095 2127 1203 2166 furit.-
1226 2133 1321 2159 certe
1347 2128 1459 2159 Ursin.
1481 2127 1626 2166 fruit.—

176 2172 238 2199 754
264 2169 332 2200 Alii
354 2170 416 2209 gel.
430 2170 560 2208 frigora
580 2174 690 2210 pectus
715 2170 889 2201 hala—755
914 2171 1082 2210 Lacrymas
1107 2170 1224 2201 Heius.
1249 2170 1400 2210 reposuit
1425 2180 1466 2201 ex
1483 2170 1627 2210 castiga·

176 2212 320 2243 tioribus
337 2222 399 2253 pro
416 2213 505 2252 vulg.
516 2214 669 2253 lacrymis.
694 2213 776 2244 Mox
792 2213 971 2254 intentaque
987 2217 1040 2244 est
1053 2222 1096 2243 ex
1109 2216 1193 2244 vett.
1205 2213 1320 2244 multis
1335 2223 1342 2243 :
1368 2212 1425 2243 alii
1435 2213 1626 2253 inceptaque.

831 2308 970 2341 NOTAE

217 2382 280 2411 74⁴
305 2379 417 2420 Tenui]
438 2379 486 2411 Ut
504 2380 644 2420 pudicas
659 2379 772 2411 decet.
928 2377 1027 2410 ceris.

218 2432 282 2460 746
304 2429 457 2469 Lucerna]
481 2430 595 2460 Vestis
617 2428 682 2461 fuit
699 2429 741 2461 ad
759 2438 874 2461 arcen·
971 2427 1100 2468 Restas]
1126 2425 1284 2457 Resistis.

175 2480 236 2511 dos
253 2479 376 2510 imbres
392 2481 591 2518 praesertim.
970 2483 1033 2511 750
1059 2479 1137 2514 Quoe
1161 2477 1295 2518 nostros]
1318 2476 1405 2508 Haec
1421 2485 1550 2508 summa
1564 2476 1623 2508 im-

219 2531 281 2560 747
305 2528 434 2567 Soletis]
455 2529 595 2560 Scilicet
617 2529 748 2560 ancillae
776 2533 873 2570 patu·
928 2528 1121 2570 probitatis.

176 2579 227 2609 las
243 2576 322 2609 olim
347 2577 550 2616 habuerunt,
567 2582 604 2608 ut
628 2587 715 2609 nunc
737 2579 873 2619 liabent,
970 2580 1032 2608 752
1055 2577 1160 2616 Meus]
1183 2575 1382 2613 Collatinus,
1399 2575 1474 2606 scil.

178 2637 288 2667 aures,
304 2630 341 2658 et
356 2627 526 2667 linguaces
542 2627 685 2667 linguas.
973 2626 1130 2665 Quolibet]
1155 2626 1267 2657 Etiam
1284 2635 1345 2666 per
1359 2626 1472 2657 hostes
1491 2624 1624 2658 confer-

221 2679 284 2708 748
308 2676 480 2716 Quantum]
524 2675 711 2717 Temporis,
741 2675 813 2707 scil.
833 2685 875 2707 ex
929 2677 1085 2708 tissimos.

178 2727 229 2757 rei
244 2725 455 2757 difficultate.
970 2730 1031 2758 755
1056 2727 1184 2758 Desinit
1206 2727 1239 2757 in
1270 2726 1436 2768 lacrymas]
1463 2725 1543 2760 Non
1566 2735 1625 2769 po·

222 2778 285 2808 ⁷49
308 2774 506 2817 Melioribus]
523 2774 552 2807 A
566 2775 686 2818 quibus
703 2774 787 2808 adeo
803 2775 873 2808 vin·
928 2778 995 2811 tuit
1007 2778 1125 2810 melius
1142 2776 1276 2819 pudica.
