1773 3121
490 196 963 228 METAMORPHOSEON
997 197 1094 229 Lm.
1127 199 1182 229 xi
1193 201 1233 228 v.
1477 192 1590 235 1671

137 290 267 332 Nunc
290 294 406 332 tenet
423 304 435 341 ;
466 294 513 330 at
532 290 722 342 quodam
742 294 973 332 tenuerunt
993 296 1186 346 tempore
1208 291 1442 348 Nymphae.

134 356 341 412 Appulus
359 358 436 398 has
459 357 535 396 illa
554 352 708 410 pastor
728 359 900 410 regione
920 360 1094 411 fugatas

132 425 325 474 Terruit,
346 430 388 464 et
408 425 548 477 primo
571 425 721 465 subita
741 425 970 466 formidine
992 427 1154 469 movit:

134 489 262 540 Mox,
283 491 360 531 ubi
380 504 501 531 mens
523 491 665 541 rediit,
687 497 732 531 et
752 496 1018 533 contemsere
1038 498 1307 546 sequentem,

133 556 206 598 Ad
225 570 448 599 numerum
469 559 600 598 motis
622 559 809 612 pedibus
830 559 996 601 duxere
1017 561 1218 602 choreas.
1507 563 1593 605 520

133 623 362 678 Improbat
381 624 461 665 has
482 631 659 678 pastor:
693 626 895 679 saltuque
917 627 1115 668 imitatus
1137 629 1295 681 agresti

129 688 314 733 Addidit
336 693 558 733 obscoenis
577 693 780 733 convicia
798 694 963 735 rustica
984 694 1126 735 dictis.

131 755 228 798 Nec
249 759 370 812 prius
389 760 591 809 obticuit,
613 772 745 813 quam
768 763 944 812 guttura
965 761 1162 802 condidit
1182 761 1311 802 arbor
1329 776 1339 804 ε

130 822 300 885 Arbore
319 828 435 867 enim
458 840 681 881 succoque
702 827 809 868 licet
827 840 1093 881 cognoscere
1117 841 1275 870 mores.

132 888 311 945 Quippe
329 898 478 933 notam
500 894 658 946 linguae
679 894 831 935 baccis
854 894 1041 936 oleaster
1061 896 1223 936 amaris
1509 897 1594 939 525

133 955 350 1001 Exhibet:
382 961 599 1013 asperitas
619 962 849 1002 verborum
873 962 1010 1002 cessit
1029 962 1075 1001 in
1095 962 1208 1002 illas.

132 1105 280 1137 tinebant.
327 1107 442 1138 Pastor
458 1108 598 1148 Appulus
613 1109 786 1146 tremefecit
811 1109 881 1140 illas
894 1109 1032 1148 jugatas
1047 1108 1103 1138 illo
1117 1108 1255 1146 regione,
1280 1111 1370 1147 alque
1384 1109 1484 1148 primo
1499 1108 1595 1140 mot-it

131 1149 290 1188 repentino
304 1153 408 1179 metu.-
431 1160 514 1188 mos,
529 1154 690 1190 postquam
706 1152 894 1190 collegerunt
919 1150 1070 1187 animum,
1096 1153 1126 1180 et
1148 1153 1327 1188 spreta-unt
1350 1153 1596 1190 persequentem,

128 1191 328 1229 agitaverunt
343 1191 469 1222 choreas
484 1194 523 1222 ad
547 1202 705 1223 numerum
729 1194 822 1224 motis
843 1193 982 1233 pedibus.
1029 1192 1146 1222 Pastor
1171 1191 1227 1222 has
1248 1192 1356 1230 arguit
1368 1203 1380 1229 ,·
1403 1196 1494 1232 aeque
1518 1193 1594 1223 illas

129 1233 278 1263 simulans
291 1234 374 1264 saltu
390 1234 505 1265 rustico
531 1235 646 1272 adjecit
671 1235 785 1274 probra
809 1235 930 1266 insulsa
956 1233 1099 1275 turpibus
1122 1233 1236 1265 verbis.
1282 1235 1392 1274 Neque
1407 1238 1480 1266 ante
1495 1235 1596 1274 siluit,

128 1284 219 1315 quam
234 1275 327 1306 arbor
341 1275 472 1307 obduxit
491 1276 611 1314 fauces·
659 1278 765 1308 Facile
790 1288 859 1309 tero
884 1277 1064 1316 intelligere
1089 1286 1189 1307 mores
1211 1287 1251 1307 ex
1274 1277 1384 1308 arbore
1408 1280 1501 1317 atque
1523 1277 1596 1317 ejus

121 1317 253 1355 fructu:
277 1328 405 1359 namque
420 1320 551 1350 oleaster
566 1319 683 1351 indicat
703 1320 851 1361 probrum
877 1321 993 1360 linguoe
1010 1319 1109 1351 baccis
1124 1320 1269 1351 austeris.
1313 1319 1481 1352 Acerbitas
1496 1320 1595 1351 dicto-

130 1369 196 1391 rum
210 1361 337 1392 tramit
352 1362 383 1392 in
399 1362 480 1393 illas.

746 1461 979 1473 eoo-aemon&

130 1531 192 1560 517
215 1529 308 1561 Ter-t.
324 1529 419 1562 Med.
436 1534 471 1561 et
486 1531 526 1562 V.
543 1531 598 1562 has
615 1531 776 1572 Nymphas
798 1535 881 1572 past.
909 1530 1027 1562 Heius.
1047 1530 1134 1571 conj.
1151 1530 1207 1560 hac
1225 1529 1388 1570 Nymphas
1399 1532 1482 1569 past.
1528 1529 1595 1560 Bo-

132 1570 222 1602 thiu»
236 1577 354 1603 censet
371 1573 532 1612 Nymphas
547 1583 566 1604 e
584 1574 686 1612 gloss.
704 1575 920 1614 provenisse:
945 1578 981 1605 et
997 1583 1058 1614 pro
1071 1572 1219 1611 fugatas,
1235 1572 1324 1611 quod
1343 1572 1405 1601 sibi
1421 1570 1596 1611 displicet,

132 1617 315 1652 reponeret
330 1618 571 1646 mearam—519
589 1616 668 1646 Bas.
683 1620 826 1647 contems.
841 1618 1117 1655 sequacem.-—5·20
1130 1614 1250 1644 Heius.
1262 1613 1412 1643 malebat
1423 1614 1516 1644 motis
1531 1624 1596 1644 ma-

131 1655 334 1686 nibus—521
361 1655 454 1686 Unus
478 1656 557 1686 Bas.
597 1657 741 1696 Increpat
769 1658 833 1687 has.
869 1657 951 1687 Tres
978 1655 1096 1695 scripti
1124 1655 1265 1694 Appulus
1286 1654 1342 1685 has
1367 1656 1469 1695 culpat
1481 1666 1491 1686 :
1523 1657 1596 1687 salt.

131 1697 269 1729 Deinde
285 1697 417 1728 Thuan.
440 1708 516 1729 cnm
533 1698 665 1729 duobus
683 1699 772 1729 Mor.
790 1703 825 1729 et
845 1708 906 1729 sex
921 1698 995 1729 aliis
1012 1698 1275 1728 imitatum—522
1299 1696 1450 1729 Berolin.
1472 1697 1596 1737 Adjicit

130 1740 210 1771 obse.
235 1740 370 1771 Thuan.
393 1740 493 1771 Addit
509 1744 659 1772 ete—524
688 1741 809 1772 Arbore
837 1740 919 1771 em'm
947 1750 1067 1780 succoq.
1090 1749 1132 1770 ex
1150 1739 1200 1770 Fl.
1218 1739 1250 1769 S.
1268 1739 1379 1770 Marci
1396 1739 1518 1771 Heius.
1536 1740 1594 1772 de-

132 1782 204 1820 dit3
226 1782 282 1823 qui
299 1782 401 1813 etiam
419 1783 507 1822 conj.
553 1783 672 1813 Arbore
686 1782 758 1820 jam
784 1793 901 1822 succoq.
934 1783 1001 1820 vel,
1017 1781 1105 1823 quod
1133 1781 1264 1819 longius
1289 1781 1372 1819 abit,
1398 1782 1518 1814 Arbore
1539 1784 1596 1814 ad-

132 1824 210 1856 huc:
238 1826 326 1864 vulg.
349 1824 454 1855 Arbor
468 1825 549 1854 enim
564 1827 635 1859 επ,-
657 1824 755 1863 cujus
782 1827 829 1854 est
860 1825 996 1863 plurimi
1018 1825 1122 1854 etiam
1139 1823 1312 1854 omittunt.
1349 1824 1492 1855 Bothius
1509 1834 1597 1865 prae-

132 1866 199 1898 fert
216 1867 305 1906 vulg.
329 1865 451 1896 omisso
467 1869 525 1904 est,
538 1865 586 1896 sic
605 1877 612 1895 :
636 1875 729 1905 quam
751 1869 835 1903 gun.
850 1866 938 1896 cond.
955 1865 1059 1902 arbor,
1074 1865 1200 1904 (Arbor
1215 1866 1320 1903 euim)
1341 1876 1458 1906 succoq.
1500 1868 1596 1898 Enim.

132 1909 194 1940 hoc
210 1907 309 1939 modo
325 1912 507 1948 usurpatur
523 1916 548 1938 ι.
564 1910 639 1938 597.
666 1915 723 1938 xv.
739 1910 815 1938 566.
831 1911 867 1938 ct
884 1907 1019 1947 passim.
1037 1907 1086 1937 Fi.
1104 1911 1140 1937 et
1163 1906 1229 1936 duo
1247 1908 1304 1937 alii
1319 1907 1416 1947 liquet
1433 1918 1494 1948 pro
1510 1910 1594 1941 licet.

130 1952 237 1983 —626
262 1950 352 1982 Mor.
369 1954 405 1981 et
421 1949 516 1981 Med.
534 1960 610 1982 cum
628 1949 778 1991 plurimis
796 1949 936 1990 scriptis
953 1948 1036 1981 verb.
1052 1949 1166 1980 mansit
1182 1949 1215 1979 in
1238 1949 1321 1979 illis.-
1346 1950 1403 1980 alii
1420 1950 1522 1982 etiam
1539 1952 1594 1983 ha-

794 2046 932 2079 NOTAE

133 2119 331 2153 nobilissimi
355 2119 477 2152 Huetii
500 2120 780 2152 reconditissimae
801 2130 835 2152 c·
890 2125 1003 2152 torum
1032 2120 1136 2160 virus,
1152 2129 1253 2162 quam
1269 2121 1457 2161 neglectus.
1487 2121 1543 2153 Sic
1560 2127 1593 2154 ct

133 2170 309 2204 ruditionin
325 2181 421 2212 opus,
440 2171 776 2203 Demonstrationem
792 2172 834 2203 E·
889 2170 938 2201 ini
951 2170 1100 2212 denique
1112 2170 1367 2210 obmutescunt,
1380 2172 1545 2212 patientia
1558 2178 1593 2203 et

133 2222 358 2262 angelicum
383 2221 470 2253 unde
484 2221 574 2263 quod
596 2222 642 2253 eit
672 2222 753 2254 satis
784 2232 835 2253 as·
889 2220 1018 2252 invicta
1043 2221 1170 2252 virtute
1199 2221 1367 2262 superati,
1388 2232 1464 2263 quae
1496 2222 1593 2254 bonis

133 2282 255 2304 sumus.
891 2270 1085 2311 praesidinm
1102 2269 1178 2302 fuit.

175 2325 239 2353 519
264 2321 476 2362 Contemnere]
502 2322 639 2353 Nullum
665 2327 716 2354 eat
743 2322 834 2353 aliud
933 2324 994 2352 525
1013 2320 1146 2361 Nolam]
1173 2321 1276 2362 Pejus
1289 2322 1356 2353 nrit
1371 2321 1593 2364 linguaquam

134 2372 337 2414 praesentius
361 2371 545 2404 remedium
571 2372 731 2404 adversus
759 2382 834 2413 per·
888 2372 992 2412 ignis:
1017 2376 1168 2403 attamen
1185 2371 1349 2403 virtutem
1363 2376 1397 2403 et
1412 2372 1591 2404 veritatem

135 2431 307 2455 versorum
325 2422 500 2456 irrisorum
527 2427 630 2466 atque
653 2424 834 2457 calumnia·
889 2422 1008 2464 nequit
1023 2422 1057 2454 in
1073 2431 1170 2455 omne
1189 2427 1323 2464 tempus
1337 2426 1506 2454 evertere.

330 2481 347 2521 Κ
