1773 3121
244 228 358 272 1898
733 234 776 264 r.
809 231 967 263 ovmn
1000 230 1212 262 NAsoms

244 332 488 385 Vagierunt
508 329 698 370 clamore
715 327 811 381 pari
828 341 838 368 :
869 327 1028 367 sentire
1048 328 1240 379 putares.
1613 325 1697 366 405

303 399 368 439 Hi
387 397 568 438 redeunt
588 395 685 436 udis
706 395 753 435 in
775 407 857 435 sua
877 398 992 435 tecta
1011 394 1147 447 genis.
1318 394 1319 397 ’

246 465 447 507 Sustinet
463 464 695 518 impositos
715 476 884 503 summa
902 476 1037 502 cavus
1058 462 1213 502 alveus
1233 457 1366 500 unda.

305 532 406 572 Heu
428 536 635 585 quantum
657 530 735 570 fati
759 542 897 583 parva
914 529 1076 569 tabella
1094 527 1236 570 vehit!

248 598 418 640 Alveus
440 599 485 638 in
504 599 609 638 limo
632 597 769 651 sylvis
790 597 1006 649 appulsus
1029 595 1199 649 opacis,

306 666 526 707 Paulatim
547 665 680 705 fluvio
702 663 942 713 deficiente,
966 663 1100 704 sedet.
1456 663 1465 668 ”
1618 661 1702 702 410

247 732 393 774 Arbor
412 738 528 774 erat:
559 735 778 772 remanent
799 732 1010 783 vestigia:
1042 743 1232 785 quaeque
1252 734 1435 772 vocatur

308 800 500 841 Rumina
521 813 636 839 nunc
658 799 787 846 ficus,
807 797 1002 838 Romula
1023 799 1135 839 ficus
1155 802 1263 839 erat.

249 866 381 908 Venit
401 866 457 906 ad
479 866 709 918 expositos
738 862 940 917 (mirum)
969 865 1077 916 lupa
1102 864 1213 905 foeta
1232 865 1456 917 gemellos.

308 932 424 983 Quis
447 932 599 972 credat
620 931 766 984 pueris
784 943 868 970 non
889 931 1091 971 nocuisse
1111 929 1281 971 feram?

253 998 356 1040 Non
374 998 584 1059 nocuisse
604 1011 757 1051 parum
778 1002 845 1038 est
863 1011 871 1038 :
893 999 1076 1051 prodest
1095 1011 1273 1053 quoque
1289 1011 1299 1040 :
1318 1011 1430 1052 quos
1445 998 1551 1052 lupa
1561 998 1707 1048 nutrit,

311 1067 501 1108 Prodere
523 1069 718 1118 cognatae
742 1066 986 1106 sustinuere
1008 1078 1179 1107 manus.
1622 1066 1710 1107 416

253 1188 384 1228 oequalz':
407 1188 546 1218 crederes
559 1185 746 1225 intelligere.
791 1185 840 1215 Hi
854 1189 1052 1216 revertuntur
1065 1186 1099 1215 in
1112 1194 1183 1215 suas
1201 1186 1286 1215 sedes
1297 1183 1386 1223 genis
1409 1183 1554 1215 humidis.
1598 1183 1712 1215 Aloeus

253 1229 419 1266 camisfert
433 1229 593 1268 impositos
608 1228 719 1258 ultima
734 1237 825 1267 aqua.
871 1227 946 1258 Heu
961 1231 1106 1267 quantum
1115 1227 1184 1265 fati
1199 1227 1314 1266 exigua
1329 1225 1434 1256 tabula
1449 1226 1532 1256 vehit
1545 1225 1561 1257 !
1597 1227 1714 1258 Alveus

253 1273 397 1312 appulsus
411 1272 507 1312 sylvis
523 1271 668 1308 obscuris,
693 1270 791 1300 haeret
808 1269 841 1299 in
856 1279 951 1308 coeno,
976 1280 1064 1300 amne
1080 1269 1190 1299 sensim
1205 1268 1389 1299 subsidente.
1434 1268 1538 1298 Arbor
1552 1271 1619 1298 erat
1630 1279 1641 1298 .-
1662 1277 1713 1299 su-

251 1317 377 1355 persunt
392 1313 525 1344 indicia:
549 1316 580 1343 et
595 1323 662 1352 quae
688 1312 805 1342 dicitur
821 1311 909 1342 hodie
925 1311 1008 1352 ficus
1031 1311 1209 1342 Ruminalis
1235 1314 1305 1342 erat
1319 1310 1404 1351 ficus
1421 1309 1578 1340 Romulea.
1622 1310 1713 1351 Lupa

255 1357 347 1387 enixa
356 1356 455 1394 foetus
470 1355 597 1386 accessit
613 1356 653 1385 ad
666 1354 806 1392 geminos
821 1353 976 1393 expositos
1007 1356 1079 1394 (res
1094 1354 1281 1394 stupenda).
1327 1353 1405 1387 Quis
1419 1353 1525 1383 credat
1533 1351 1638 1390 feram
1652 1362 1713 1384 mm

254 1399 386 1437 obfuisse
400 1395 601 1436 infantibus?
644 1397 726 1427 Leve
752 1400 797 1427 est
811 1406 870 1426 non
886 1395 1030 1435 obfuisse,
1056 1397 1147 1426 immo
1161 1397 1299 1435 prodest.
1344 1395 1461 1426 Manus
1482 1395 1714 1435 consanguineae

864 1489 1102 1500 eeeeeeeeeeee

255 1567 332 1588 nora
348 1566 408 1597 pro
428 1557 576 1596 Corpora.
599 1555 683 1585 Mox
713 1555 767 1586 Sa.
785 1555 875 1586 Maz.
904 1559 940 1587 et
962 1559 1050 1586 'unus
1079 1556 1167 1586 Mor.
1193 1554 1362 1595 deposuitq.
1386 1553 1595 1584 simule-405
1621 1553 1714 1586 Olim

257 1600 424 1630 edebatur
445 1599 611 1638 Vugierant
628 1597 715 1628 ambo
727 1598 860 1637 pariter.
885 1598 894 1614 ‘
914 1598 1087 1637 Vagierunt
1111 1599 1191 1629 Pet.
1208 1597 1323 1628 Ursin.
1339 1601 1374 1631 et
1390 1596 1538 1636 Nauger.
1555 1595 1655 1634 bene,
1676 1601 1716 1628 ut

252 1642 325 1682 jam
350 1642 465 1673 monui
491 1642 557 1680 Ep.
582 1649 649 1671 vn.
681 1644 814 1680 septem
843 1640 941 1672 codd.
971 1641 1142 1680 Vagierant
1169 1641 1299 1671 clamore
1323 1639 1419 1680 pari:
1439 1639 1554 1668 sentire
1577 1642 1716 1679 putares.

258 1685 381 1722 Recte,
411 1684 438 1715 si
472 1685 642 1722 Vagierunt
671 1682 851 1714 rescribas.
873 1684 938 1723 Ep.
967 1683 1146 1714 Canaces:
1181 1684 1189 1699 ‘
1215 1682 1360 1723 Vagitus
1383 1680 1479 1711 dedit
1507 1680 1565 1712 ille
1589 1681 1717 1720 miser-3

257 1727 399 1758 sensisse
431 1726 592 1766 putares!
627 1725 739 1756 Heius.
774 1725 858 1756 Cod.
904 1727 960 1756 Fr.
1004 1727 1106 1757 etiam
1151 1726 1204 1756 hic
1245 1724 1387 1756 exhibet
1413 1723 1562 1760 sensiam
1594 1728 1630 1755 et
1666 1723 1716 1754 sic

261 1769 398 1810 quidem
427 1769 579 1800 nonnulli
597 1768 799 1799 editt—407
824 1768 879 1798 Fr.
901 1778 1011 1800 summ.
1038 1773 1140 1799 tamen
1156 1769 1326 1799 aliu—408
1348 1766 1418 1797 Pro
1437 1775 1544 1805 parva,
1571 1769 1609 1797 et
1631 1765 1717 1797 vehit

261 1812 349 1843 alter
376 1812 466 1843 Maz.
496 1821 572 1841 cum
609 1820 675 1841 uno
703 1810 797 1841 Med.
828 1815 863 1840 et
893 1811 1007 1841 Helm.
1037 1821 1132 1841 curva
1161 1816 1197 1841 et
1224 1809 1318 1847 fuit,·
1350 1808 1440 1839 unde
1469 1808 1588 1839 Heius.
1630 1807 1717 1849 conj.

259 1858 348 1885 curta
362 1854 426 1886 tab.
439 1853 531 1892 fuit.-
555 1855 668 1894 plures
699 1853 802 1883 etiam
820 1852 875 1883 alii
903 1853 1029 1884 habent
1047 1853 1144 1889 tulit‚·
1168 1857 1203 1883 et
1220 1854 1297 1884 Pet.
1314 1861 1374 1891 pro
1388 1860 1455 1881 var.
1473 1852 1551 1881 lect.
1572 1850 1714 1882 dedit.—

227 1910 233 1914 ’
259 1899 324 1927 409
347 1897 436 1928 Octo
453 1896 531 1927 libri
556 1897 631 1936 sylv.
660 1895 926 1935 impulsus—412
952 1894 1083 1926 Ciofan.
1101 1895 1233 1925 Romula
1258 1904 1290 1925 n.
1305 1894 1402 1934 ficus,
1426 1892 1561 1923 Rumina
1581 1892 1611 1929 f.
1636 1894 1716 1922 erut.

260 1942 366 1970 -415
404 1940 491 1970 Maz.
522 1940 600 1978 quod
637 1947 697 1977 pro
741 1945 835 1977 qno-u
871 1937 1057 1976 eleganter,
1089 1936 1208 1975 judice
1238 1936 1355 1966 Burm.
1383 1934 1438 1974 qui
1467 1934 1553 1964 citat
1577 1934 1716 1965 Terent.

264 1981 373 2011 Andr.
391 1991 414 2012 1.
431 1985 461 2012 3.
483 1982 492 1998 ‘
511 1979 672 2021 quicquid
701 1979 884 2019 pepererit,
912 1978 1140 2009 decreverunt
1168 1977 1290 2009 tollere
1306 1976 1327 2007 :'
1352 1981 1386 2007 et
1414 1975 1530 2007 Plant.
1546 1975 1717 2016 Amphitr.

262 2032 287 2053 1.
306 2025 336 2054 3.
358 2024 368 2040 ‘
385 2032 500 2054 verum
530 2021 619 2063 quod
636 2021 703 2052 erit
734 2025 850 2051 natum
878 2020 1123 2052 tollit0.'—416
1148 2020 1284 2051 Prodere
1309 2022 1363 2050 est
1386 2027 1429 2049 ex
1453 2018 1561 2050 altero
1586 2018 1664 2050 Pet.
1680 2022 1718 2050 et

922 2115 1061 2147 NOTAE

308 2184 369 2212 405
394 2178 535 2218 Semire]
574 2178 665 2211 Quid
682 2178 724 2209 de
741 2188 776 2210 se
794 2184 966 2221 ageretur,
1020 2181 1154 2212 sublato
1170 2185 1305 2212 trunco.

267 2231 406 2262 scilicet.
1063 2235 1126 2263 412
1139 2230 1290 2271 Rumina]
1302 2229 1335 2261 A
1345 2240 1455 2270 ruma,
1467 2229 1530 2261 hoc
1542 2232 1607 2269 est,
1616 2237 1719 2260 mam-

308 2283 372 2311 406
396 2279 461 2319 Hi]
491 2278 652 2317 Ministri,
670 2279 812 2311 scilicet.
1021 2292 1087 2321 ma,
1098 2291 1174 2322 quae
1188 2286 1223 2311 et
1238 2282 1248 2298 ‘
1263 2280 1366 2311 rumis
1377 2279 1386 2293 '
1403 2283 1440 2311 et
1460 2280 1470 2296 ⁴
1484 2288 1602 2311 rumen
1613 2278 1621 2292 '
1633 2279 1721 2310 anti-

315 2329 408 2369 Udis]
434 2330 484 2360 Ex
501 2329 865 2369 lac··ymis‚puerorum
878 2339 968 2360 com·
1021 2341 1085 2372 que
1103 2331 1293 2370 dicebatur,
1308 2339 1477 2371 quamque
1494 2330 1602 2360 Remo
1616 2333 1721 2370 atque

268 2379 496 2411 miseratione·
1024 2382 1166 2413 Romulo
1197 2380 1381 2421 praebuisse
1411 2380 1524 2420 lupam
1549 2378 1721 2418 dixerunt,

311 2431 373 2460 407
398 2427 526 2467 Ali-eus]
553 2427 664 2457 Cunas
682 2427 847 2468 intellige.
1023 2434 1032 2449 ⁶
1048 2430 1253 2463 Ruminalis'
1267 2429 1351 2460 ficus
1367 2429 1542 2470 appellata
1557 2432 1621 2460 est.

312 2482 375 2510 408
400 2478 489 2517 Fati]
520 2479 586 2508 Per
603 2477 711 2508 fatum
727 2487 781 2508 res
799 2478 888 2518 ipsas
898 2477 969 2509 fato
1065 2484 1128 2511 413
1154 2480 1255 2519 Foeta]
1282 2480 1367 2512 Quae
1383 2479 1484 2519 paulo
1497 2482 1578 2509 ante
1589 2478 1721 2510 catulos

270 2531 482 2573 praestitutas
520 2530 684 2569 intellige,
716 2532 971 2571 potentiamque
1026 2531 1239 2569 deposuerat.
1636 2524 1646 2531 ⁸

271 2581 356 2613 adeo
379 2580 581 2618 Romanam,
604 2589 677 2619 quae
703 2579 735 2610 in
763 2586 893 2611 tantum
914 2590 969 2611 ex·
1072 2578 1238 2617 Gemellos]
1266 2578 1443 2608 Romulum
1455 2582 1556 2618 atque
1567 2578 1721 2610 Remum.

272 2631 394 2664 crevit.
1066 2633 1127 2661 414
1154 2630 1231 2665 Quis
1245 2629 1366 2669 credat]
1396 2629 1591 2670 Indignatio
1610 2633 1664 2662 est
1677 2630 1720 2662 nb

319 2681 459 2720 Tabella]
514 2681 624 2712 Quam
660 2680 669 2697 ‘
688 2680 837 2711 alveum*
867 2690 971 2721 supra
1024 2680 1151 2712 Amulii
1167 2680 1387 2712 immanitate.

275 2732 374 2764 dixit.
1066 2732 1129 2763 416
1155 2728 1320 2772 Cognata]
1342 2728 1469 2762 Amulii
1484 2727 1611 2772 putrui.

257 2818 267 2825 χ
317 2786 379 2816 411
429 2781 588 2824 νεεείςὶα]
637 2781 797 2814 Nondum
833 2780 969 2824 penitus
