1773 3121
190 222 303 265 1870
671 234 710 263 P.
741 232 899 263 ovinn
933 231 1145 262 NAsoms

190 328 432 370 Postmodo
453 326 684 368 creduntur
703 327 845 380 spatio
867 327 1071 368 distantia
1090 327 1220 380 longo

244 396 464 449 Tempora
484 396 553 436 bis
574 394 697 448 quini
716 395 994 440 continuasse
1017 395 1130 436 Viri.

189 464 457 504 PR1N01P10
478 461 656 512 mensis,
679 462 884 516 Phrygiae
907 463 1174 503 contermina
1195 460 1345 511 Matri,
1583 460 1639 501 05

245 529 422 582 Sospita
447 528 640 570 delubris
660 528 817 570 dicitur
836 532 965 570 aucta
985 530 1123 570 novis.

189 597 321 638 Nunc
341 598 417 637 ubi
438 597 522 637 sint
540 596 641 646 illis,
665 596 840 650 quaeris,
863 600 1037 636 sacrata
1050 595 1284 644 Kalendis,

242 664 430 717 Templa
452 663 595 704 Deae‘?
626 664 753 716 longo
772 663 1040 715 procubuere
1060 663 1144 703 die.

186 730 339 773 Cetera
359 743 412 772 ne
432 731 562 771 simili
584 730 789 770 caderent
805 728 1024 769 labefacta
1046 729 1170 770 ruina

241 798 370 839 Cavit
390 797 550 838 sacrati
570 797 754 850 provida
774 809 878 836 cura
900 796 1042 835 Ducis
1060 810 1069 836 :
1580 795 1636 835 60

185 865 275 905 Sub
298 878 384 918 quo
406 865 597 904 delubris
617 863 800 903 sentitur
820 862 942 901 nulla
962 865 1183 902 senectus.

242 930 340 971 Nec
362 932 471 971 satis
493 933 560 969 est
579 929 794 977 homines,
818 927 983 979 obligat
1003 927 1076 967 ille
1099 927 1238 969 Deos.

182 997 465 1050 Templorum
486 996 670 1048 positor,
695 994 957 1047 templorum
979 998 1130 1034 sancte
1151 996 1361 1047 repostor,

239 1063 307 1104 Sit
327 1063 522 1116 Superis,
544 1067 667 1115 opto,
696 1064 847 1101 mutua
867 1073 972 1101 cura
989 1061 1063 1101 tui.

180 1165 285 1201 postea
301 1164 438 1201 tempora
460 1161 611 1192 distantia
631 1162 721 1199 longo
736 1159 1164 1200 intervallo.——Principio
1180 1160 1292 1191 mensis
1305 1159 1430 1200 Sospita
1436 1160 1548 1199 junctu
1560 1161 1633 1192 *Ma-

179 1205 223 1233 tri
240 1203 392 1243 Phrygioe
407 1203 524 1233 dicitur
538 1204 640 1233 ditata
657 1204 742 1232 novis
758 1203 893 1241 templis.
938 1203 1027 1232 Petis
1051 1202 1102 1232 ubi
1124 1212 1202 1233 nunc
1223 1203 1284 1233 sinc
1300 1204 1413 1243 templa
1433 1204 1537 1234 dicata
1553 1204 1633 1234 Deae

178 1246 245 1276 illis
259 1244 439 1277 Kalendis?
485 1246 668 1275 Ceciderunt
697 1245 785 1283 longo
811 1248 954 1283 tempore.
1002 1245 1087 1274 Cura
1113 1245 1218 1274 sedula
1247 1245 1345 1274 Ducis
1366 1246 1482 1276 sacrati
1505 1245 1561 1276 sub
1575 1256 1631 1286 quo

179 1289 263 1319 nulla
293 1291 428 1317 vetustas
455 1287 590 1318 sentitur
619 1287 750 1326 templis,
776 1286 936 1326 prospexit
957 1295 995 1315 ne
1017 1289 1117 1316 cetera
1137 1287 1238 1316 soluta
1262 1289 1387 1317 ruerent
1410 1287 1506 1317 simili
1527 1288 1630 1319 ruina.

180 1331 289 1370 Neque
316 1330 394 1360 satis
422 1333 467 1360 est
495 1330 651 1359 devincire
676 1330 833 1367 mortales,
859 1328 912 1358 ille
941 1328 1137 1358 demeretur
1163 1329 1256 1359 Deos.
1302 1329 1488 1370 AEdificator
1505 1330 1630 1368 (edium,

178 1375 281 1403 sancte
296 1373 456 1403 restitutor
470 1372 676 1409 delubrorum,
692 1371 794 1411 cupio,
809 1373 842 1400 ut
864 1370 908 1400 sit
932 1370 1006 1400 Diis
1025 1380 1098 1401 cura
1114 1370 1160 1401 tui
1175 1371 1342 1411 reciproca.
1388 1371 1450 1402 Dii
1467 1372 1630 1412 praebeant

787 1453 804 1463 e
808 1453 844 1464 Ν
849 1452 1018 1463 οοΝ-’ψοοο

175 1512 324 1540 ant.—-51
350 1510 511 1540 Meliores
527 1511 629 1546 em'm;
653 1509 757 1541 ceteri
773 1510 958 1540 erana—54
984 1508 1079 1538 Unus
1096 1507 1180 1539 Cod.
1193 1507 1276 1546 quin.
1291 1508 1485 1538 constituisse
1504 1507 1626 1539 V.—55

178 1552 273 1582 Unus
290 1551 409 1583 Heins.
425 1556 570 1583 conterm.
596 1553 812 1584 Matris.—56
836 1552 875 1582 In
903 1551 959 1581 Fr.
986 1553 1111 1590 acta,et
1136 1553 1226 1580 aucta
1247 1559 1309 1589 pro
1335 1560 1402 1581 var.
1420 1550 1501 1581 lect.
1545 1550 1631 1581 Tres

178 1593 285 1624 Codd.
300 1594 401 1624 etiam
418 1598 509 1624 aucta
523 1595 680 1626 suis—57
704 1594 761 1625 Sic
780 1594 867 1633 vulg.
883 1593 944 1623 nisi
962 1592 1051 1633 quod
1068 1602 1161 1632 quoer.
1174 1593 1219 1623 ill.
1243 1593 1376 1623 inverso
1393 1592 1523 1623 ordine.
1561 1591 1628 1622 Ur-

175 1637 237 1667 sin.
260 1637 338 1666 Pat.
364 1641 399 1666 et
412 1636 547 1676 plurimi
564 1636 670 1668 Codd.
687 1646 763 1667 cum
782 1645 831 1676 pr.
856 1634 944 1666 Edd.
970 1635 1017 1665 ub.
1032 1638 1102 1665 sunt
1118 1634 1163 1665 ill.
1187 1645 1255 1674 qnae
1269 1638 1340 1665 sunt·
1354 1644 1434 1665 sacr.
1479 1635 1579 1666 Voss.
1594 1640 1629 1665 et

177 1687 235 1708 sex
252 1678 308 1709 alii
323 1679 372 1711 ub.
395 1681 459 1709 sint
474 1679 518 1709 ill.
533 1679 658 1720 quaeris,
681 1688 761 1709 sacr.
786 1683 821 1709 et
837 1679 885 1709 sic
902 1678 994 1708 Maz.
1011 1677 1141 1708 Zulich.
1166 1683 1203 1707 et
1219 1677 1337 1707 decem
1364 1677 1432 1716 alii,
1455 1677 1517 1708 nisi
1540 1676 1631 1718 quod

175 1724 245 1750 suut
262 1730 322 1760 pro
338 1721 411 1752 sint.
436 1722 554 1753 Heius.
579 1722 665 1762 conj.
692 1723 733 1753 N.
756 1721 806 1752 ub.
829 1723 899 1752 sunt
915 1720 988 1760 illis,
1008 1730 1120 1760 quoeso,
1142 1721 1288 1759 sac-1:850:
1321 1720 1382 1750 Be.
1419 1720 1462 1750 N.
1479 1719 1527 1750 ub.
1542 1722 1627 1759 sunt,

175 1763 299 1803 quaeris,
313 1773 379 1803 quoe
393 1767 464 1794 sunt
479 1767 643 1795 saon—58
668 1764 810 1794 Plurimi
824 1764 914 1802 longa
931 1772 991 1803 pro
1007 1763 1193 1801 longo.—-59
1210 1760 1342 1792 Arund.
1359 1763 1417 1792 sim
1423 1762 1551 1801 jaceant
1566 1760 1626 1793 lab.

176 1805 252 1837 Par.
274 1809 493 1837 ruerent.—61
519 1809 571 1838 Sa.
588 1811 624 1837 et
640 1806 788 1847 quinque
805 1805 862 1836 alii
878 1806 950 1837 null.
970 1807 1203 1835 vetustas—62
1225 1805 1288 1834 Be.
1304 1804 1384 1835 hom.
1399 1804 1511 1843 alligat
1525 1804 1572 1835 ill.
1591 1807 1628 1834 et

176 1847 230 1879 Fr.
247 1848 310 1890 ipse
319 1859 331 1886 ;
355 1849 451 1880 multi
468 1849 570 1880 etiam
587 1849 695 1881 Codd.
710 1849 860 1880 illm—63
885 1849 937 1879 Ex
964 1848 1101 1889 optimis
1127 1847 1246 1878 Heius.
1274 1846 1369 1878 dedit
1390 1849 1547 1887 repostam
1570 1845 1628 1886 alii

834 1936 973 1968 NOTAE

216 2013 258 2041 54
281 2010 451 2050 Bisquini]
477 2011 687 2042 Decemviri.
711 2011 872 2042 Ceterum

173 2059 215 2090 de
228 2059 290 2090 hac
305 2068 338 2090 re
350 2069 425 2090 cum
438 2060 585 2091 incertus
599 2062 757 2102 loquatur
767 2062 871 2100 Naso,

173 2108 297 2149 aliquid
313 2109 422 2140 latere
438 2109 491 2140 hic
507 2110 616 2140 minus
632 2110 673 2141 ab
687 2110 760 2150 ipso
775 2111 872 2141 intel-

173 2159 300 2190 lectum
314 2158 477 2198 suspicor.

214 2212 254 2239 55
280 2208 457 2248 Principio]
492 2208 655 2239 Kalendis
679 2209 759 2250 ipsis
784 2210 868 2241 Feb-

172 2258 300 2289 ruariis.

214 2307 380 2348 Phrygiae]
434 2308 484 2338 Ea
515 2308 642 2349 Cybele
676 2312 740 2346 est,
768 2319 867 2349 quam

171 2356 299 2388 Idaeam
323 2357 366 2388 ab
383 2357 443 2388 Ida
464 2358 624 2399 Plirygiae
641 2363 768 2398 monte,
785 2360 867 2390 Din-

171 2406 349 2447 dymenen,
366 2408 505 2448 aliisque
520 2408 659 2449 insuper
679 2409 866 2440 nominibus

170 2465 190 2487 a
206 2456 287 2487 locis
304 2457 359 2487 ubi
379 2466 417 2487 ea
432 2458 535 2497 culta,
554 2460 826 2499 appellaverunt.

214 2507 427 2547 Contermina]
464 2507 626 2549 Adeoque
656 2510 688 2540 in
720 2510 867 2549 Palatio,

169 2555 227 2586 ubi
244 2556 371 2596 Cybele
388 2558 551 2597 templum
568 2559 695 2590 habuit.

212 2608 253 2636 56
275 2604 414 2645 Sospita]
439 2607 493 2636 De
504 2607 638 2638 Junone
652 2609 796 2649 Sospita,
810 2610 865 2640 cui

170 2655 231 2686 Cn.
269 2654 443 2685 Cornelius
484 2657 646 2696 templum
680 2659 773 2688 vovit
803 2659 864 2689 sub

168 2704 300 2735 initium
331 2704 411 2735 belli
442 2705 620 2746 Insubrici,
655 2717 720 2738 non
750 2712 865 2748 potest

169 2753 313 2796 intelligi
350 2754 404 2787 hic
434 2755 547 2796 locus;
584 2757 747 2799 siquidem
780 2758 863 2791 illud

926 2009 1091 2049 templum
1104 2008 1137 2039 in
1154 2009 1228 2040 foro
1245 2008 1392 2040 Olitorio
1407 2009 1472 2041 fuit
1486 2011 1622 2052 regione

927 2070 976 2092 xr.
1002 2061 1093 2092 istud
1116 2071 1196 2092 vero
1223 2062 1255 2092 in
1276 2063 1410 2094 Palatio
1434 2063 1571 2103 regione
1585 2073 1622 2097 x.

924 2109 1088 2151 Adeoque
1126 2112 1212 2142 certi
1250 2112 1306 2143 nbi
1343 2113 1425 2144 nihil
1459 2113 1625 2156 videmus,

924 2160 1063 2191 aliorum
1079 2161 1169 2191 ultro
1185 2161 1326 2193 facimus
1336 2163 1515 2203 judicium.

966 2214 1007 2240 58
1029 2211 1135 2250 Longo
1151 2212 1216 2252 die]
1247 2212 1439 2244 Vetustate.

965 2262 1006 2290 60
1029 2260 1143 2300 Ducis]
1172 2261 1363 2302 Augustum
1377 2263 1542 2304 intellige,
1555 2273 1621 2306 quo

922 2309 1057 2340 vivente
1087 2311 1207 2341 Fastos
1234 2312 1384 2352 scripsit,
1414 2313 1461 2344 uti
1491 2313 1621 2345 dictum

923 2369 1037 2399 saepe:
1074 2370 1260 2402 quanquam
1288 2363 1405 2394 addita
1429 2368 1464 2394 et
1490 2368 1621 2397 mutata

922 2410 1082 2440 nonnulla
1117 2412 1149 2442 in
1187 2412 1314 2442 Tiberii
1349 2417 1385 2443 et
1426 2413 1620 2445 Germanici

922 2461 1076 2500 gratiam.

963 2513 1002 2540 61
1030 2510 1141 2549 Nulla]
1171 2511 1259 2544 Quia
1285 2511 1334 2542 ita
1362 2516 1553 2544 restaurata
1579 2517 1619 2544 ut

921 2570 1008 2591 nova
1027 2561 1233 2592 viderentur.

962 2613 1003 2641 63
1030 2611 1168 2651 Positor]
1200 2611 1287 2644 Quin
1315 2611 1429 2650 etiam,
1454 2617 1491 2644 ut
1516 2612 1618 2645 habet

920 2659 1114 2699 Suetonius,
1149 2663 1156 2677 ‘
1182 2661 1361 2701 Principes
1397 2662 1486 2693 viros
1525 2671 1617 2703 saepe

919 2710 1073 2740 hortatus
1087 2714 1151 2750 est,
1163 2715 1200 2741 ut
1214 2720 1274 2751 pro
1284 2710 1447 2742 facultate
1461 2711 1615 2753 quisque,

918 2760 970 2790 vel
987 2761 1211 2792 monumentis
1225 2761 1334 2803 novis,
1350 2762 1404 2793 vel
1425 2760 1564 2794 refectis
1580 2765 1617 2806 et
