1773 3121
447 199 920 232 METAMORPHOSEON
955 199 1052 230 ma.
1086 201 1191 232 xiv.
1437 194 1548 235 1097

87 293 446 348 Reddentemque
468 306 550 334 suo
563 292 657 346 jam
676 294 790 346 regia
806 293 912 347 jura
933 292 1098 344 Quiriti

83 360 285 404 Abstulit
304 361 490 402 Iliaden.
550 359 720 414 Corpus
741 362 921 402 mortale
941 373 1021 415 per
1040 374 1173 403 auras

85 428 314 482 Dilapsum
336 433 511 468 tenues:
543 439 625 467 ceu
645 427 737 468 lata
758 427 967 481 plumbea
986 428 1124 470 funda

83 493 229 536 Missa
247 493 356 533 solet
376 492 522 534 medio
544 494 666 546 glans
687 495 962 536 intabescere
984 496 1114 537 coelo.

80 561 270 602 Pulchra
290 561 410 601 subit
428 560 577 611 facies,
599 565 644 602 et
664 562 973 615 pulvinaribus
992 562 1095 604 altis

81 627 281 680 Dignior,
300 631 344 668 et
363 628 508 681 qualis
529 628 879 674 trabeativforrna
900 628 1090 680 Quirini.

80 694 237 736 Flebat
256 698 304 735 ut
324 695 535 735 amissum
557 696 716 750 conjux
736 709 747 747 ;
781 709 881 737 cum
901 697 1020 750 regia
1039 696 1067 738 J
1071 710 1157 739 uno

79 763 171 805 Irin
191 761 248 803 ad
270 762 509 804 Hersiliam
529 762 791 805 descendere
809 764 945 805 limite
965 778 1101 806 curvo

80 830 297 885 Imperat:
328 833 370 871 et
389 843 544 872 vacuae
563 843 646 871 sua
666 831 730 872 sic
752 832 964 873 mandata
985 831 1158 878 referre.

1458 766 1543 808 830

405 1031 525 1074 FAB.
557 1031 707 1074 XIX.
768 1031 968 1073 Hersilia
987 1032 1032 1073 in
1052 1031 1204 1075 Oram.

76 1136 275 1180 nemim,
290 1140 416 1181 conjux
434 1141 582 1181 Romuli,
605 1151 680 1173 cum
710 1140 812 1173 fleret
838 1141 997 1172 amissum
1024 1141 1218 1183 conjugem,
1243 1145 1320 1182 post
1341 1140 1456 1172 datam
1473 1142 1503 1174 ei
1521 1154 1541 1174 a

117 1193 253 1226 Jnnone
269 1193 571 1234 immortalitatem,
587 1193 661 1225 Ora
677 1194 813 1227 Quirini
826 1199 1023 1235 nuncupata
1040 1199 1116 1226 est:
1141 1204 1282 1236 quorum
1297 1195 1424 1235 templa
1443 1203 1462 1226 a
1481 1204 1541 1236 po·

118 1245 199 1286 pulo
216 1245 370 1277 Romano
385 1245 419 1277 in
437 1247 532 1278 Colle
548 1247 715 1280 Quirinali
732 1247 920 1279 constituta
935 1252 1024 1280 sunt.

77 1331 138 1393 Ο
172 1356 232 1387 ΕΤ
251 1346 305 1388 de
327 1347 472 1399 Latia,
495 1361 522 1390 o
543 1352 588 1389 et
608 1348 663 1390 de
684 1352 808 1402 gente
829 1349 998 1392 Sabina

74 1449 141 1482 don·
157 1450 320 1484 Palatini:
343 1456 373 1484 et
401 1453 529 1484 sustulit
559 1453 680 1484 Iliaden
707 1453 859 1485 dicentem
877 1453 951 1494 jura
973 1453 1061 1494 regia
1088 1454 1209 1490 Quiriti
1224 1455 1293 1494 jam
1308 1466 1373 1488 suo.
1420 1457 1539 1498 Corpus

74 1494 169 1524 nor-ti
183 1494 347 1525 obnoxium
360 1495 524 1533 disiectum
536 1505 593 1536 per
613 1496 755 1528 subtilem
769 1497 886 1536 aerem,
912 1501 947 1528 ut
966 1498 1032 1537 pila
1052 1498 1193 1538 plumbea
1217 1500 1346 1538 impulsa
1361 1500 1539 1537 lntasumlu

73 1537 227 1567 comnena
240 1538 401 1578 liquescere
417 1538 450 1569 in
466 1540 564 1569 medio
576 1540 660 1570 coelo.
704 1539 891 1579 Splendidus
921 1541 1025 1571 vultus
1049 1541 1200 1580 exer-itur,
1223 1545 1316 1581 atque
1338 1542 1464 1581 dignior
1486 1553 1540 1573 ex-

73 1578 165 1608 celcis
177 1579 402 1618 pulvinaribus,
417 1584 447 1611 et
463 1582 561 1621 qualis
575 1582 690 1621 species
707 1581 836 1616 Quirini
853 1582 996 1614 trabeati.
1039 1583 1128 1613 Uxor
1143 1583 1235 1613 illum
1252 1583 1374 1622 lugebat
1390 1589 1538 1623 tanquam

73 1621 232 1660 perditum
244 1632 256 1658 ,-
278 1631 346 1652 eum
359 1623 444 1653 duno
457 1624 546 1662 regia
553 1623 644 1661 jubet
660 1623 731 1654 Irin
745 1625 924 1655 descendere
937 1634 995 1664 per
1007 1625 1163 1655 sinuatum
1178 1626 1284 1655 callem
1298 1627 1338 1656 ad
1355 1626 1538 1667 Hersiliam,

74 1666 167 1703 atque
177 1662 223 1693 sic
236 1673 366 1694 nonore
380 1664 532 1702 suajussn
545 1666 663 1695 otiosae.

119 1713 197 1738 xix.
223 1707 252 1736 0
268 1709 422 1746 matrona,
433 1707 528 1737 honor
540 1706 704 1747 primariae
715 1707 821 1746 gentis
836 1707 960 1738 Latinae
981 1711 1074 1749 atque
1089 1707 1224 1750 Subinae,
1245 1712 1337 1741 antea
1354 1711 1538 1752 dignissima

686 1786 922 1798 eeeeeeeeeeee

77 1842 144 1874 que
159 1832 235 1864 libri
266 1843 373 1865 summ.
394 1833 543 1864 nemorali
557 1833 732 1864 coit—82³
755 1834 830 1864 Jam
857 1843 897 1864 ex
924 1835 1061 1875 optimis
1081 1835 1189 1868 Codd.
1217 1838 1331 1878 placet
1355 1839 1476 1872 Heius.
1501 1846 1536 1871 et

75 1875 191 1907 Burm.
209 1877 296 1917 vulg.
314 1885 374 1906 non
389 1887 400 1913 ‚·
423 1876 456 1906 iu
473 1875 672 1916 quibusdam
696 1885 734 1905 ne
746 1886 756 1905 .·
780 1876 836 1906 alii
852 1877 953 1908 etiam
971 1881 1043 1908 tunc
1060 1879 1112 1908 vel
1128 1889 1225 1910 nunc.-
1251 1881 1283 1911 in
1311 1882 1384 1912 Pal.
1409 1893 1462 1913 suo
1488 1893 1536 1913 re-

73 1919 161 1958 galia
178 1917 247 1957 jur.
292 1919 372 1949 Duo
387 1918 490 1949 etiam
508 1917 584 1948 libri
613 1917 866 1953 Quirina—824
891 1918 936 1951 O.
953 1924 1041 1951 murt.
1058 1921 1113 1951 sub
1140 1926 1317 1953 auru—825
1342 1924 1485 1955 Plurimi
1501 1929 1535 1956 ut

73 1961 128 1991 vel
143 1961 188 1991 nic
204 1970 264 2001 pro
279 1970 346 2000 ceu,
368 1961 458 2002 quod
477 1960 593 1992 Heius.
610 1961 742 2000 recepit
765 1970 807 1991 ex
835 1961 987 1993 N.—826
1011 1961 1094 2003 Arg.
1118 1964 1163 2001 gl.
1190 1965 1402 1996 incandescere
1427 1968 1536 1998 coel.—-

77 2004 140 2034 828
161 2003 218 2034 Sic
241 2003 359 2034 Heius.
376 2013 424 2034 vs.
441 2003 621 2034 constituit
634 2013 676 2034 ex
693 2003 734 2033 V.
753 2008 789 2034 et
805 2013 872 2034 uno
890 2014 972 2036 siro:
997 2006 1086 2046 vulg.
1121 2006 1223 2044 Dign.
1245 2011 1290 2038 est
1314 2008 1534 2048 qualia—830

78 2044 249 2077 Hersiliem
272 2046 375 2077 etiam
399 2046 546 2087 legitur;
568 2050 604 2077 et
622 2046 797 2085 Hersilien,
819 2051 855 2078 et
871 2046 1035 2079 Hersilies.
1080 2049 1216 2081 Caelest.
1233 2059 1308 2081 cum
1335 2052 1448 2083 multis
1464 2053 1536 2083 aliis

73 2089 152 2119 desc.
177 2089 303 2119 tramite
325 2091 516 2119 cum--sst
543 2089 623 2121 Jun.
650 2089 793 2129 Spretii,
815 2094 852 2120 et
868 2099 952 2121 unus
968 2091 1047 2122 Bas.
1072 2095 1104 2122 et
1131 2093 1232 2123 viduae
1257 2103 1304 2124 su.
1351 2094 1407 2125 Fr.
1425 2099 1460 2125 et
1476 2095 1534 2126 alii

73 2131 265 2172 complures
281 2141 384 2163 racuoe
398 2131 494 2162 suasit
510 2133 722 2163 marum—832
744 2132 840 2164 Latia
855 2132 974 2165 Heius.
998 2135 1146 2175 reponit,
1170 2144 1231 2176 pro
1247 2136 1338 2177 vulg.
1363 2137 1469 2178 latio,
1491 2148 1535 2169 ex

730 2231 871 2264 NOTAE

114 2305 178 2336 820
201 2304 411 2347 Inlabescere]
447 2305 652 2348 Liquescere
669 2310 771 2348 atque

73 2363 286 2388 evanescere.
322 2356 421 2390 Quod
437 2361 549 2389 tamen
565 2355 683 2388 falsum
705 2361 771 2388 est.

827 2306 999 2348 principes
1011 2306 1125 2347 modo,
1136 2306 1195 2339 sed
1208 2317 1337 2348 omnes,
1349 2307 1404 2350 qui
1416 2309 1532 2350 gloria:

826 2358 977 2399 student,
992 2369 1065 2390 cam
1082 2368 1149 2389 non
1175 2358 1274 2390 aliter
1302 2368 1402 2401 quam
1431 2360 1534 2402 aequi-

115 2408 177 2438 827
200 2407 438 2449 Pulvinum-ibus]
470 2409 593 2440 Lectos
608 2406 705 2448 dicit,
715 2408 772 2449 qui

71 2454 146 2489 Diis
161 2455 195 2488 iu
210 2458 346 2498 templis
363 2458 620 2490 sternebantur.

113 2509 178 2540 828
200 2506 362 2550 rmbeati]
386 2509 521 2540 Trabea
535 2509 670 2548 induti3
693 2519 770 2550 quae

73 2559 153 2599 toga
167 2556 232 2590 fuit
248 2560 374 2599 multis,
385 2560 492 2591 instar
508 2559 654 2591 trabium
666 2564 772 2591 trans-

74 2614 257 2648 voratum,
274 2609 456 2650 purpureis
469 2619 616 2651 auroque
633 2609 772 2640 intextis

75 2653 188 2688 fasciis
203 2657 377 2691 decorata.
422 2660 473 2691 Ex
491 2670 530 2691 eo
552 2665 665 2691 alitem
681 2659 771 2700 qnod

77 2704 237 2738 nonnius
252 2707 294 2739 ad
308 2709 458 2750 Superos
482 2710 680 2749 translatus,
694 2719 770 2741 cum

75 2754 87 2772 ⁸
97 2754 178 2795 jura
193 2755 377 2795 redderet:
393 2758 526 2790 discere
543 2765 689 2801 possunt
704 2770 770 2791 non

161 2807 276 2849 υιιριι.
290 2812 320 2841 ιι
341 2809 414 2842 νη.
431 2812 516 2843 cuu.

754 2812 846 2844 Otiael.

827 2413 898 2440 tate
915 2409 1102 2450 etjustitia
1118 2419 1216 2450 posse
1241 2411 1444 2451 comparari.

868 2461 932 2490 830
947 2459 1134 2500 Hersiliam]
1148 2459 1233 2491 Haec
1252 2461 1385 2492 Romuli
1402 2461 1529 2502 conjux

827 2509 860 2540 in
878 2509 952 2541 Diis
975 2510 1143 2541 recensita
1166 2510 1238 2541 Ora
1257 2511 1308 2541 vel
1329 2510 1423 2542 Hora
1440 2510 1533 2541 dicta

827 2565 891 2597 est,
903 2568 978 2600 qua·
992 2559 1082 2600 apud
1113 2561 1281 2591 Romanos
1305 2561 1414 2602 qiiulis
1429 2559 1530 2592 Helie

827 2609 917 2651 apud
934 2610 1075 2641 Gra-cos
1099 2609 1174 2642 fuit.
1223 2611 1367 2642 flou-tam
1393 2611 1530 2650 insuper

827 2660 1034 2700 appellatam
1045 2659 1147 2691 fuisse
1160 2661 1299 2701 scripsit
1312 2658 1529 2697 Plutarchus,

825 2715 948 2752 utpote
972 2721 1047 2751 quae
1070 2711 1218 2752 juvenes
1241 2710 1283 2740 ud
1309 2709 1468 2739 virtutem
1492 2712 1530 2739 et

827 2769 882 2791 res
899 2760 984 2792 bene
997 2760 1164 2801 gerendas
1174 2760 1381 2790 hortaretur.
1408 2757 1527 2800 Neque

1369 2814 1387 2841 ⁶
1413 2809 1441 2842 P
