1773 3121
451 213 924 248 METAMonruosuou
959 213 1054 243 Lm.
1088 213 1195 244 xiv.
1434 203 1548 245 1667

93 314 348 369 Obstupuit.
407 310 619 352 Cecidere
642 309 754 358 sinu,
776 320 889 362 quas
908 307 1090 359 legerat,
1111 306 1288 347 herbae:
1463 305 1548 346 350

94 381 377 434 Flammaque
397 391 480 432 per
499 382 616 419 totas
637 377 737 417 visa
757 380 822 416 est
842 388 984 416 errare
1005 373 1234 415 medullas.

92 447 156 490 Ut
172 449 355 502 primum
377 444 524 486 valido
545 449 733 485 mentem
757 443 930 496 collegit
950 442 1006 483 ab
1028 446 1160 493 aestu3

92 514 213 566 Quid
232 518 427 567 cuperet,
449 512 625 553 fassura
645 512 741 552 fuit.
803 511 875 552 Ne
893 514 1048 564 posset
1069 509 1206 559 adire,

91 581 259 623 Cursus
279 581 382 633 equi
404 579 521 628 fecit,
544 579 924 631 circumfususque
947 575 1144 617 satelles.

90 647 194 688 Non
214 651 359 688 tamen
380 646 579 699 effugies,
601 654 737 685 vento
758 645 934 698 rapiare
954 643 1119 692 licebit,
1463 641 1549 682 355

90 713 138 755 Si
158 713 292 755 modo
313 727 382 754 me
413 712 540 764 n0vi3
573 713 612 753 si
633 724 724 752 non
744 711 923 752 evanuit
942 711 1083 751 omnis

88 779 337 822 Herbarum
360 781 526 832 virtus3
557 793 639 821 nec
659 792 731 821 me
752 792 850 820 mea
870 779 1064 820 carmina
1084 776 1259 817 fallunt.

87 847 216 889 Dixit
234 862 244 888 ι
276 853 316 888 et
337 847 537 901 effigiem,
559 847 677 888 nullo
699 860 799 888 cum
820 858 1020 900 corpore,
1043 843 1142 885 falsi

88 914 241 956 Finxit
260 915 370 968 apri,
392 919 637 968 praeterque
658 914 812 956 oculos
833 918 1125 954 transcurrere
1142 911 1253 963 regis

87 983 116 1024 J
120 985 247 1033 ussit,
269 988 312 1024 et
332 984 376 1024 in
399 984 580 1024 densum
602 984 802 1024 trabibus
822 994 976 1022 nemus
997 982 1059 1021 ire
1081 979 1232 1029 videri,
1463 976 1548 1018 360

88 1050 284 1091 Plurima
305 1064 392 1104 qua
413 1051 537 1104 sylva
559 1053 640 1099 est,
661 1054 703 1090 et
722 1062 839 1102 equo
860 1048 962 1088 loca
976 1047 1130 1100 pervia
1148 1058 1236 1086 non
1259 1048 1374 1085 sunt.

88 1116 224 1158 Haud
246 1130 392 1157 mora:
425 1117 634 1157 continuo
657 1115 823 1168 praedae
846 1114 956 1167 petit
976 1113 1142 1153 inscius
1163 1113 1362 1152 umbram

82 1245 203 1286 aspexit
223 1245 381 1284 jutenem,
405 1246 493 1276 laesit
517 1245 676 1276 attonita:
697 1244 846 1284 gramina
861 1254 929 1284 quoe
943 1247 1102 1284 carpserat
1121 1244 1303 1274 exciderunt
1318 1242 1401 1280 sinu,
1417 1244 1447 1272 et
1464 1241 1547 1281 ignis

83 1289 165 1319 cisun
178 1291 223 1319 est
238 1298 361 1318 currere
374 1298 432 1328 per
445 1291 528 1319 totas
542 1288 697 1318 medullas.
743 1288 914 1327 Postquam
927 1287 1063 1328 primum
1078 1287 1210 1326 resipuit
1234 1296 1252 1317 a
1270 1287 1391 1326 potenti
1401 1285 1548 1325 flamma,

81 1331 176 1362 voluit
190 1340 356 1370 agnoscere
382 1331 456 1372 quid
472 1334 605 1371 optaret.
652 1331 790 1370 Impetus
805 1331 874 1370 equi
890 1333 920 1360 et
935 1329 1073 1360 ministri
1094 1328 1275 1367 circumfusi
1297 1338 1396 1359 causae
1411 1327 1547 1365 suerunt

80 1383 119 1404 ne
131 1377 234 1414 posset
260 1374 412 1405 accedere.
460 1374 533 1404 Non
558 1377 661 1404 tamen
692 1373 833 1411 elaberis,
859 1373 985 1413 inquit,
1008 1382 1180 1413 quanquam
1199 1371 1302 1403 ventis
1322 1369 1547 1409 auferreris,si

80 1418 191 1447 saltem
206 1415 283 1447 mihi
296 1419 454 1457 perspecta
470 1427 549 1456 sum,
561 1416 589 1447 si
600 1416 698 1447 omnis
711 1415 850 1456 potentia
864 1416 1044 1455 graminum
1060 1426 1119 1446 mm
1134 1415 1268 1457 effluxit,
1282 1418 1312 1445 et
1328 1423 1394 1444 mea
1406 1412 1547 1443 carmina

81 1468 146 1490 non
160 1459 384 1500 medecipiunt.
431 1459 528 1490 Dia-ie
541 1470 553 1496 ;
577 1462 606 1490 et
615 1458 771 1496 formavit
786 1459 917 1499 speciem
922 1458 999 1500 ficti
1012 1458 1082 1499 apri
1103 1459 1169 1490 sine
1183 1458 1267 1489 omni
1287 1466 1430 1497 corpore:
1454 1457 1548 1495 atque

81 1501 243 1541 imperarit
259 1505 471 1533 transcurrere
483 1506 600 1543 prater
625 1503 726 1533 oculos
747 1502 842 1541 regis,
865 1504 895 1532 et
911 1501 1013 1532 rideri
1033 1501 1138 1532 subire
1151 1502 1270 1542 sylvam
1284 1500 1416 1540 spissam
1430 1496 1548 1528 arbori-

82 1544 148 1584 bus,
171 1555 232 1585 qua
253 1555 289 1576 eu
311 1549 357 1577 est
380 1545 515 1576 maxime
537 1555 644 1585 opaca,
667 1548 697 1576 et
720 1545 786 1575 loca
808 1554 868 1575 ηοπ
890 1548 962 1575 sunt
982 1544 1091 1584 pervia
1113 1554 1198 1585 equo.
1242 1543 1318 1574 Sine
1339 1540 1546 1578 cunctatione,

696 1638 932 1650 eeeeeeeeeeee

82 1703 171 1744 reliq.
186 1706 398 1734 antra—350
422 1703 502 1734 sinu
518 1703 650 1742 recepit
669 1703 788 1733 Heins.
814 1711 856 1733 ex
874 1710 923 1742 pr.
941 1702 1047 1733 Gron.
1071 1701 1200 1732 Thuan.
1215 1700 1297 1733 Jun.
1320 1703 1356 1731 et
1371 1699 1550 1739 Bernegg.

84 1755 146 1785 pro
163 1755 232 1777 var.
249 1747 327 1777 lect.
344 1747 435 1785 vulg.
453 1756 555 1776 manu.
581 1746 723 1776 Plurimi
741 1745 842 1776 etiam
867 1745 987 1784 scripti
1013 1745 1074 1783 leg.
1090 1744 1317 1774 herbas—351
1344 1742 1420 1773 Pal.
1437 1741 1483 1772 O.
1508 1745 1545 1772 et

84 1789 232 1819 Berolin.
249 1798 324 1819 cum
349 1788 458 1819 tribus
481 1788 556 1818 aliis
573 1792 617 1818 est
640 1791 759 1817 torrere
786 1789 864 1817 med.
901 1787 978 1817 Bas.
995 1792 1031 1817 ct
1055 1787 1169 1826 plures
1193 1787 1424 1816 ardere.—352
1447 1783 1545 1815 Unus

80 1831 181 1861 calido
200 1841 260 1871 pro
285 1831 396 1861 valido.
422 1830 509 1860 Mor.
534 1833 627 1860 ment.
652 1829 787 1868 concepit
813 1828 972 1858 ab.-³55
999 1828 1141 1858 Plurimi
1167 1829 1251 1865 Non,
1267 1827 1326 1865 ait,
1336 1826 1544 1867 effug.—357

86 1874 260 1913 Langerm.
288 1872 389 1903 Herb.
415 1881 533 1902 succus.
561 1872 649 1902 Dein
674 1871 831 1901 meliores
857 1880 935 1906 nec,·
960 1869 1016 1900 alii
1041 1872 1191 1901 et.—359
1217 1872 1340 1902 Quart.
1360 1869 1435 1899 Pal.
1451 1878 1545 1909 prop-

81 1917 304 1956 terquam—360
330 1915 376 1945 Fl.
391 1914 425 1945 S.
443 1914 566 1953 Marci,
581 1919 616 1944 et
643 1913 687 1944 N.
707 1914 795 1944 Esset
813 1916 853 1944 et.
891 1911 1023 1943 Deinde
1041 1912 1156 1942 Burm.
1182 1917 1311 1950 monet,
1337 1911 1364 1940 si
1385 1920 1484 1951 quem
1506 1909 1545 1940 τὸ

80 1958 180 1989 videri
194 1955 357 1996 offendat,
374 1957 466 1988 illurn
482 1958 607 1988 videtur
623 1956 739 1996 legere
757 1965 854 1996 posse
872 1955 1080 1986 Gronoviani
1097 1960 1131 1986 et
1147 1955 1289 1985 duorum
1306 1954 1446 1984 aliorum
1461 1953 1545 1984 Mss-

82 2000 301 2032 auctoritate.
328 1999 447 2031 Heius.
464 2010 526 2040 pro
541 1999 645 2030 Jussit
661 1998 837 2030 arridebat
852 1998 951 2030 Fecit.
975 1999 1071 2029 Unus
1088 1997 1182 2028 Med.
1197 2000 1227 2028 et
1242 1997 1437 2028 horrendum.
1456 1994 1544 2026 Inde

81 2042 167 2084 conj.
182 2042 298 2074 Burm.
313 2043 429 2074 Jussit.
476 2043 515 2073 In
529 2042 715 2073 horrendum
731 2041 870 2073 trabibus
886 2051 993 2072 nemus
1018 2040 1065 2071 ire
1080 2041 1320 2071 videtum—361
1346 2038 1496 2069 Berolin.
1512 2041 1552 2068 et·

81 2095 138 2126 quo
152 2086 314 2117 toa—362
338 2086 408 2117 Pro
430 2087 546 2125 praedoe
562 2085 682 2117 Urbin.
700 2090 735 2116 et
761 2095 846 2116 unus
864 2083 958 2115 Med.
973 2087 1112 2123 gratam.
1137 2083 1229 2114 Dein
1246 2083 1279 2114 S.
1295 2081 1407 2113 Marci
1433 2086 1468 2112 et
1485 2079 1543 2111 alii

738 2187 882 2219 NOTAE

82 2268 117 2295 et
142 2262 273 2294 libidini
297 2274 365 2294 suae
393 2264 672 2304 obsequentibus.
719 2263 782 2294 Ille
880 2265 942 2293 351
969 2259 1201 2300 Circumfusus]
1224 2259 1303 2290 Non
1319 2257 1418 2289 modo
1435 2258 1543 2289 celer-

79 2313 178 2345 fncile
194 2314 351 2351 vincitur,
378 2314 477 2345 immo
497 2314 569 2355 jam
595 2314 703 2345 victus
719 2319 783 2352 est,
839 2313 941 2344 rimus
968 2321 1074 2352 equus
1100 2310 1221 2341 Picum
1247 2319 1266 2340 a
1292 2309 1409 2340 Circes
1438 2309 1544 2340 oculis

80 2363 136 2405 qui
152 2364 240 2395 vinci
256 2364 363 2404 cupit.
400 2364 447 2395 At
463 2370 558 2396 certe
576 2365 633 2405 qui
652 2365 782 2405 pericn-
837 2363 1043 2399 abstuleram
1067 2370 1196 2400 verum,
1210 2366 1245 2391 ut
1261 2360 1405 2391 maxime
1419 2359 1544 2390 consti-

81 2414 148 2445 lum
180 2415 289 2451 timet,
320 2424 457 2456 suoeque
485 2419 585 2445 cavet
615 2414 782 2452 libertati,
839 2415 950 2451 tisset,
962 2411 1064 2442 facile
1082 2420 1148 2441 non
1160 2415 1234 2441 crat
1250 2419 1364 2441 corum
1381 2408 1543 2440 comitum

81 2474 146 2496 non
168 2465 217 2497 ita
240 2466 436 2506 corripitur.
485 2465 624 2496 Reflexn
641 2466 713 2496 scil.
731 2475 782 2496 ra·
838 2464 946 2494 latera
972 2461 1170 2502 stipantium
1196 2461 1330 2500 agmine
1358 2460 1401 2491 de
1427 2467 1541 2490 amore

80 2517 209 2549 diorum
238 2519 384 2559 lippiunt
409 2524 579 2549 amatores
607 2519 707 2557 oculi,
732 2523 782 2555 et,
839 2513 933 2544 illum
949 2512 1165 2551 compellare.

79 2566 90 2583 ⁸
110 2566 198 2599 Dum
224 2573 382 2608 spectant
409 2569 520 2606 limos,
549 2569 718 2599 laeduntnr
746 2572 782 2598 et
880 2566 942 2594 862
970 2562 1133 2601 Umbrum]
1158 2559 1542 2602 Aprum,sci1icet,Cir-

82 2615 167 2657 ipsi:
212 2619 351 2657 Verum,
387 2622 395 2635 ‘
425 2620 547 2660 Carpit
577 2619 665 2650 enim
695 2619 782 2649 vires
837 2624 893 2645 ces
910 2613 1082 2644 veneficiis
1110 2613 1319 2643 simulatum:
1353 2608 1540 2650 cujusmodi

85 2666 256 2707 paulatim,
279 2670 417 2710 uritque
434 2669 581 2700 videndo
600 2668 780 2700 Foeminaz'
837 2665 1029 2702 simulacra.
1041 2673 1119 2694 num
1137 2673 1199 2704 per
1215 2668 1306 2694 artes
1321 2662 1467 2700 magicas
1482 2667 1542 2690 ex-

83 2724 182 2756 quam
206 2717 234 2747 ni
259 2717 398 2759 sugerio,
423 2721 434 2737 ‘
455 2720 568 2752 Tutus
594 2718 684 2760 eris,'
707 2719 781 2761 ipso
836 2716 934 2746 citari
952 2714 1093 2755 pou-int,
1110 2715 1213 2745 miror
1229 2714 1316 2744 viros
1332 2712 1436 2743 etiam
1452 2717 1538 2752 pm·

84 2767 230 2798 docente
247 2767 382 2800 Ovidio.
835 2766 1062 2798 stantissimos
1078 2765 1261 2797 dubitasse.
