1773 3121
558 210 821 242 vAs'roRUM
855 209 952 240 mn.
984 211 1048 241 iv.
1420 203 1537 246 2031-

71 301 186 346 Tum
204 304 320 347 laeva
340 304 515 353 Creten,
538 304 698 344 dextra
725 303 985 356 Pelopeidas
1005 304 1148 346 undas
1448 304 1534 346 285

131 371 331 414 Deserit:
363 377 405 413 et
424 370 587 412 Veneri
608 383 737 411 sacra
758 369 948 424 Cythera
966 373 1090 424 petit.

73 437 193 480 Hinc
213 452 331 480 mare
349 437 634 488 Trinacrium,
657 438 848 479 candens
868 439 944 479 ubi
965 439 1130 492 tingere
1150 441 1312 482 ferrum

130 505 416 559 Brontesque,
438 508 479 546 et
500 503 723 558 Steropes,
744 504 1102 560 Acmonidesque
1123 508 1291 549 solent:

72 572 354 627 AEquoraque
373 572 485 613 Afra
502 572 625 625 legit,
647 572 905 627 Sardoaque
925 586 1061 627 regna
1081 574 1269 616 sinistris

129 639 353 693 Prospicit
373 652 400 680 a
420 639 564 689 remis,
586 638 923 693 Ausoniamque
945 645 1076 682 tenet.

72 705 201 748 Ostia
221 707 474 759 contigerat,
494 720 580 760 qua
602 720 648 748 se
668 707 900 748 Tiberinus
923 708 968 748 in
987 709 1123 750 altum

129 773 316 823 Dividit,
337 778 380 814 et
401 787 561 828 campo
581 775 785 816 liberiore
805 779 942 817 natat.

72 838 228 880 Omnis
251 840 416 894 Eques,
436 843 661 896 mixtaque
682 843 830 896 gravis
852 856 952 884 cum
975 842 1112 884 Plebe
1137 843 1340 894 Senatus,

129 906 300 948 Obvius
322 908 377 948 ad
396 908 560 950 Thusci
578 910 767 952 fluminis
785 923 862 952 ora
878 911 1007 951 venit.

71 972 318 1016 Procedunt
336 976 497 1028 pariter
514 980 691 1026 matres,
713 980 937 1031 nataeque,
958 990 1188 1031 nurusque,

129 1039 330 1094 Quaeque
352 1043 497 1084 colunt
520 1048 696 1085 sanctos
717 1045 961 1096 virginitate
981 1043 1120 1085 focos.

1447 642 1531 682 290

1447 978 1532 1020 295

73 1160 153 1192 Tum
161 1161 308 1201 relinquit
324 1163 449 1192 Cretam
459 1163 598 1202 sinistra,
608 1163 843 1202 dextrafluctus
854 1163 1014 1201 Pelopeius
1024 1173 1034 1192 :
1057 1166 1146 1201 atque
1159 1163 1316 1193 contendit
1332 1164 1468 1204 Cythera
1482 1166 1530 1195 di-

68 1206 139 1233 cata
155 1203 275 1234 Veneri.
294 1204 380 1234 Hinc
390 1214 473 1235 mare
484 1204 633 1244 Siculum,
644 1205 696 1235 ubi
710 1205 858 1242 Brontes,
869 1208 898 1235 et
911 1204 1065 1243 Steropes,
1073 1207 1165 1243 atque
1177 1205 1362 1236 Acmonides
1372 1215 1530 1237 consueve-

70 1249 142 1276 runt
158 1246 278 1284 tingere
286 1245 411 1282 serrum
426 1248 558 1277 candens
567 1258 578 1282 ;
601 1250 692 1286 atque
712 1246 853 1286 praeterit
869 1247 952 1285 Afra
970 1246 1083 1284 maria,
1100 1250 1130 1277 et
1140 1247 1290 1287 prospicit
1306 1258 1324 1278 a
1340 1249 1432 1279 remis
1445 1249 1531 1279 laecis

69 1297 164 1327 regna
174 1285 308 1326 Sardoa,
320 1291 350 1318 et
359 1291 444 1318 tenet
456 1289 594 1319 Italiam.
623 1289 808 1324 Contigerat
817 1288 910 1328 ostio,
922 1299 981 1329 qua
995 1288 1157 1319 Tiberinus
1167 1289 1272 1330 influit
1283 1290 1316 1321 in
1328 1300 1424 1329 mare,
1437 1293 1465 1321 et
1477 1295 1530 1321 not

68 1338 188 1370 oequore
202 1329 323 1360 latiore.
373 1330 484 1362 Cuncti
500 1332 628 1372 equites,
645 1335 675 1362 et
689 1331 823 1362 Senatus
834 1332 945 1371 gratis
967 1331 1110 1370 confusus
1126 1341 1194 1362 cum
1207 1332 1293 1371 plebe
1315 1333 1463 1373 processit
1479 1333 1531 1363 ob-

68 1372 150 1403 viam
164 1373 204 1403 ad
219 1381 273 1403 oro
281 1372 379 1413 fluvii
398 1373 520 1405 Thusci.
569 1376 766 1405 Concurrunt
779 1375 872 1405 etiam
888 1377 1014 1414 matres,
1029 1378 1059 1405 et
1065 1373 1161 1415 filice,
1185 1378 1275 1414 atque
1288 1385 1393 1416 nurus,
1408 1386 1531 1417 quoeque

678 1458 913 1470 eeeeeeeeeeee

70 1515 106 1543 et
122 1510 255 1551 plurimi
280 1511 375 1542 lassas
399 1512 556 1543 idn—285
582 1513 637 1544 Fr.
669 1512 755 1543 Tunc
780 1512 956 1543 hem—287
981 1512 1076 1543 Unus
1105 1513 1234 1543 Bonon.
1261 1516 1295 1543 et
1319 1522 1404 1544 uuus
1421 1513 1463 1545 V.
1481 1515 1529 1555 ιψ.

60 1553 185 1595 fingere
193 1553 385 1591 serm—288
409 1555 552 1585 Plurimi
569 1556 707 1586 Brontes
722 1557 751 1585 et
767 1554 803 1585 S.
822 1554 944 1585 omisso
960 1564 1027 1594 que.
1073 1555 1174 1585 Multi
1191 1555 1293 1585 etiam
1311 1556 1532 1597 Agmonidesq.

70 1596 188 1635 vel,ut
215 1596 304 1636 vulg.
332 1597 538 1637 AEmonidesq.
564 1598 619 1629 Fr.
646 1597 976 1636 Memonidesq.—289
998 1597 1078 1628 Duo
1095 1597 1170 1627 libri
1195 1597 1351 1638 Littoruq.
1379 1599 1530 1630 A.—290

71 1638 229 1678 Prospicit
246 1638 342 1669 multi
370 1644 455 1670 vett.
482 1640 589 1670 ceteri
615 1640 766 1679 Despicit,
796 1639 846 1668 vel
874 1639 1033 1679 Respicit:
1068 1644 1102 1670 at
1120 1640 1230 1671 Ursin.
1248 1640 1333 1671 liber
1349 1640 1529 1680 Aspicit.—

69 1683 130 1712 291
157 1680 197 1711 Iu
214 1680 414 1722 quibusdam
431 1682 545 1712 Hostia
562 1683 786 1721 contig.-·295
814 1681 853 1711 P.
883 1682 970 1712 alter
1009 1682 1203 1712 Protendunt
1223 1693 1293 1722 par.
1331 1682 1421 1714 Dein
1447 1684 1527 1715 olim

69 1723 235 1755 edebatur
251 1724 386 1764 natique,
401 1725 538 1763 virique:
563 1726 742 1763 Junianus,
758 1727 907 1763 nataeque,
923 1728 957 1754 et
976 1729 1042 1755 tres
1059 1725 1113 1754 alii
1131 1736 1137 1754 :
1163 1725 1278 1755 Ursini
1295 1725 1381 1756 liber
1397 1731 1431 1757 et
1449 1726 1529 1758 Pat.

69 1766 218 1807 optimus
242 1766 380 1808 natique,
404 1777 572 1807 nurusque.-
598 1768 684 1808 lege,
706 1770 857 1807 notaeque,
881 1776 1043 1807 nurusque.
1070 1767 1298 1799 Heins.—-296
1321 1767 1421 1800 Alter
1448 1769 1528 1801 Pet.

728 1874 866 1905 NOTAE

68 1955 191 1980 nomen
207 1945 335 1978 datum.
827 1950 961 1989 clopum
991 1948 1048 1990 qui
1081 1949 1233 1980 Vulcano
1265 1949 1298 1979 in
1325 1949 1528 1981 emolliendo

110 1999 172 2029 283
198 1997 347 2038 Icarium]
370 1997 466 2028 Mare
488 1997 576 2029 istud
595 2007 613 2028 a
631 1997 770 2029 sinistra

68 2045 224 2078 relictum
243 2047 438 2088 priusquam
457 2047 498 2078 ad
514 2048 667 2080 Caristea
684 2048 770 2080 vada

69 2096 298 2138 pervenirent.

109 2148 172 2178 284
208 2147 330 2188 Icarus]
364 2147 497 2179 Daedali
522 2148 656 2190 insignis
683 2149 767 2181 fabri

69 2197 166 2231 filius.

111 2250 172 2279 285
198 2248 393 2289 Pelopeidas]
416 2249 500 2282 Quae
517 2260 536 2281 a
552 2250 681 2292 Pelope
698 2251 767 2283 dic-

70 2302 139 2329 tum
155 2298 427 2339 Peloponnesum
445 2301 585 2332 alluunt.

110 2351 174 2381 286
189 2349 342 2390 Cythera]
359 2351 444 2383 Quae
463 2351 567 2382 insula
583 2351 671 2382 inter
687 2351 767 2383 Cre-

70 2403 138 2432 tam
154 2406 189 2432 et
205 2401 489 2441 Peloponnesum.

110 2453 172 2483 28⁷
207 2452 416 2492 Trinacrium]
450 2453 610 2485 Siculum.
656 2454 683 2484 Α
714 2453 768 2484 tri-

67 2499 132 2533 bu·
146 2502 234 2533 enim
251 2503 499 2541 promontoriis,
521 2503 695 2544 Pachyno,
713 2503 767 2534 Li·

69 2548 192 2590 lybaeo.
221 2558 255 2582 vt
288 2552 422 2592 Peloro,
446 2553 560 2584 Sicilia
585 2554 766 2585 Trium-ria

69 2599 172 2631 etiam
188 2600 287 2632 dicia.

117 2648 194 2688 Ubi]
228 2651 317 2682 Quia
353 2653 399 2684 ibi
435 2654 553 2686 insulae
590 2655 764 2686 Vulcania:

70 2695 162 2730 istud
178 2697 276 2729 dixit.

112 2750 175 2782 288
192 2748 341 2792 Βνωιίεε]
365 2751 510 2787 Nomina
523 2755 595 2789 liaec
609 2761 687 2788 nunt
701 2757 765 2798 Cy-

825 1997 915 2029 ferro
932 2003 967 2029 et
983 1997 1187 2030 fabricandis
1206 1997 1404 2030 fulminibus
1433 2010 1526 2032 suam

825 2053 990 2090 praestant
1015 2058 1167 2090 operam.
1216 2050 1308 2081 Data
1335 2055 1447 2081 aulem
1471 2051 1529 2081 illa

824 2104 903 2130 sunt
928 2109 970 2130 ex
999 2109 1035 2130 re
1062 2100 1156 2140 ipsa:
1194 2100 1331 2131 Brontes
1358 2100 1526 2141 siquidem

823 2149 945 2181 Graece
963 2160 981 2181 a
998 2150 1143 2189 tunium
1179 2150 1322 2191 Steropes
1337 2161 1357 2181 a
1373 2150 1528 2191 t'ulgure3

822 2202 1019 2239 Acmonides,
1056 2202 1111 2242 qui
1152 2202 1328 2242 Pyracmon
1368 2201 1525 2243 Virgilio,

822 2251 935 2282 dictus
948 2251 991 2282 ab
1007 2252 1141 2283 incude.

865 2305 929 2333 289
954 2301 1050 2341 Afra]
1077 2302 1175 2333 Mare
1200 2302 1363 2343 Libycum
1386 2307 1526 2342 praeter-

823 2352 1008 2391 navigavit,
1024 2351 1129 2382 scilic.
1156 2352 1295 2382 Romam
1328 2358 1446 2391 petens
1462 2353 1526 2393 Cy-

823 2402 912 2439 bele,
929 2402 1018 2442 quod
1035 2402 1076 2431 ad
1095 2402 1265 2433 sinistram
1284 2403 1433 2443 reliquit.

866 2452 999 2492 Sardoa]
1032 2451 1211 2491 Sardiniam,
1237 2453 1353 2483 insula:
1382 2462 1526 2492 magum,

823 2512 921 2542 quam
949 2511 967 2532 a
991 2501 1127 2532 sinistra
1153 2503 1340 2543 prospicias
1365 2503 1396 2534 in
1415 2502 1525 2534 Medi-

823 2558 994 2591 terraneo,
1021 2552 1159 2583 Romam
1185 2562 1227 2583 ex
1251 2553 1367 2584 Sicilia
1383 2557 1523 2585 conteu-

822 2603 915 2634 dens.

863 2656 925 2685 294
953 2653 1084 2693 Obvius]
1110 2653 1161 2684 Ad
1191 2652 1335 2693 lapidem
1363 2651 1470 2689 illum,
1494 2649 1522 2680 ni

821 2704 893 2735 Diis
932 2704 1056 2744 placet,
1090 2713 1149 2734 seu
1182 2702 1334 2742 Cybelen
1365 2708 1520 2741 magnam

821 2755 935 2789 Deum
952 2755 1100 2788 Matrem
1117 2749 1365 2794 excipiendam.
