1773 3121
249 231 363 277 2044
741 242 780 272 Ρ.
811 239 972 270 ovimi
1005 238 1219 270 NAsouis

251 337 417 380 Mentis
439 338 566 391 inops
587 336 757 391 rapitur
773 349 787 379 :-
815 335 968 389 quales
988 334 1136 377 audire·
1157 333 1347 375 solemus

309 405 535 446 Threicias
553 404 667 444 fusis
689 403 921 445 Maenadas
942 404 1004 443 ire
1024 402 1176 442 comis.

254 470 318 514 Ut
337 473 474 513 vitulo
496 473 636 524 mugit
654 484 734 511 sua
752 475 884 512 mater
907 471 962 510 ab
983 471 1112 510 ubere
1132 470 1277 521 rapto,

312 539 368 580 Et
387 540 545 593 quaerit
564 540 697 580 foetus
717 551 794 591 per
812 549 965 578 nemus
986 548 1113 577 omne
1134 548 1267 587 suos3
1625 532 1710 575 460

255 606 330 649 Sic
353 607 478 648 Dea:
508 619 587 647 nec
607 606 763 647 retinet
778 605 981 657 gemitus,
1001 607 1042 644 et
1062 603 1240 645 concita
1259 613 1393 643 cursu

313 674 465 716 Fertur
482 687 493 725 ;
524 677 568 714 et
584 687 607 714 e
627 673 798 726 campis
818 672 990 725 incipit,
1011 671 1191 719 Henna,
1211 669 1313 710 tuis.

255 740 365 782 Inde
385 741 592 793 puellaris
612 743 744 781 nacta
765 742 833 779 est
850 737 1037 790 vestigia
1057 738 1239 790 plantae,

314 807 370 849 Et
389 819 586 860 pressam
604 811 713 846 noto
734 804 927 858 pondere
947 804 1058 845 vidit
1072 804 1272 848 humum.‚

258 872 464 915 Forsitan
481 874 557 914 illa
575 873 670 913 dics
691 873 823 912 errori
843 884 1014 912 summa
1034 871 1208 920 fuisset,
1630 866 1714 909 465

314 941 362 981 Si
383 953 468 981 non
488 941 739 980 turbassent
760 940 885 991 signa
902 940 1077 992 reperta
1092 951 1209 979 sues.

256 1007 446 1061 Jamque
469 1007 707 1047 Leontinos
728 1004 1050 1058 Amenanaque
1070 1005 1250 1046 flumina
1272 1017 1405 1047 cursu

315 1075 538 1124 Praeterit,
558 1077 601 1115 et
621 1075 753 1127 ripaS,
773 1073 960 1114 herbifer
981 1071 1082 1123 Aci,
1106 1077 1207 1113 tuas
1223 1086 1235 1114 :-

258 1141 460 1182 Praeterit
480 1145 526 1181 et
546 1139 742 1193 Cyanen,
764 1145 810 1180 et
830 1139 996 1181 sontem
1016 1140 1124 1180 lenis
1144 1138 1307 1194 Anapi,

317 1207 372 1247 Et
392 1210 450 1256 te,
470 1207 711 1248 vorticibus
732 1219 820 1252 non
841 1206 1038 1249 adeunde
1061 1205 1190 1249 Gela.
1633 1205 1718 1247 470

258 1338 423 1376 confertum·
446 1339 549 1378 quales
574 1339 781 1369 consuevimus
805 1339 915 1370 audire
931 1340 1096 1370 Maenadas
1114 1338 1270 1370 Threicias
1293 1338 1432 1370 incedere
1456 1338 1577 1379 capillis
1601 1337 1720 1379 effusis.

261 1382 521 1417 Quemadmodum
536 1384 635 1410 mater
647 1390 704 1410 sua
720 1381 832 1419 mugit,
856 1382 951 1411 ritulo
966 1383 1103 1412 detracto
1118 1381 1156 1411 ub
1173 1381 1278 1419 ubere,
1292 1384 1382 1420 utque
1397 1381 1512 1420 quoerit
1524 1384 1635 1421 partus
1649 1391 1720 1412 suos

257 1434 314 1464 per
329 1433 445 1453 omnem
461 1423 576 1461 sylvam
589 1433 600 1458 ,·
628 1423 672 1452 ita
693 1423 775 1461 Deci,
789 1426 881 1463 utque
896 1424 1014 1453 concita
1035 1432 1125 1454 cursu
1140 1423 1276 1463 rapitur,
1298 1432 1393 1462 neque
1408 1422 1551 1462 reprimit
1563 1423 1697 1461 gemitus
1709 1434 1719 1454 .-

260 1469 290 1496 et
306 1465 415 1504 incipit
432 1474 472 1495 ex
487 1466 548 1494 tuis
562 1465 659 1503 avitis,
676 1465 801 1495 Henna.
849 1465 925 1496 Inde
940 1465 1059 1496 invenit
1073 1465 1164 1504 signa
1178 1466 1264 1505 pedis
1276 1464 1438 1505 puellari8‚
1463 1468 1493 1495 et
1510 1465 1644 1495 advertit
1658 1468 1721 1496 ter-

258 1517 325 1538 rum
340 1510 479 1538 notatam
495 1517 584 1537 onere
599 1508 733 1546 cognita
781 1508 876 1539 Forte
902 1508 957 1538 illa
980 1509 1045 1539 dies
1060 1507 1178 1546 fuisset
1204 1507 1314 1538 ultima
1334 1506 1535 1546 discursibus,
1560 1506 1622 1538 nisi
1635 1508 1721 1547 porci

261 1549 455 1581 inuertissent
471 1550 603 1588 vestigia
617 1550 753 1581 inventa.
797 1551 929 1591 Jamque
951 1554 1175 1591 praetergressa
1189 1554 1236 1581 est
1249 1559 1342 1581 cursu
1357 1550 1522 1582 Leontinos
1537 1552 1568 1580 et
1584 1549 1722 1590 flumina

260 1595 437 1629 Amcnuna,
458 1596 550 1632 atque
566 1593 650 1631 ripas
666 1596 747 1630 tuas,
773 1593 834 1623 Aci
849 1593 996 1624 her-bose.-
1018 1594 1163 1634 proeterit
1175 1603 1292 1634 quoque
1309 1593 1448 1633 Cyanen,
1469 1595 1499 1623 et
1507 1591 1628 1630 fontem
1645 1593 1723 1623 lenis

262 1636 367 1676 Anapi
375 1646 387 1672 ;
409 1637 441 1665 et
457 1640 498 1674 te,
516 1635 608 1675 Gela,
624 1645 681 1666 non
697 1637 833 1666 adeunde
844 1639 971 1677 propter
987 1636 1157 1675 voragines.
1201 1636 1409 1667 Proeterierat
1426 1635 1595 1676 Ortygien,
1611 1635 1723 1675 Megu-

879 1719 1111 1730 ‘tommo

265 1766 352 1794 teste
384 1762 501 1793 Heius.
530 1764 655 1803 qualem
688 1763 743 1794 alii
773 1767 807 1795 ut
831 1766 1048 1804 quas—458
1072 1765 1141 1795 Pro
1165 1763 1267 1804 fusis,
1289 1763 1346 1794 alii
1376 1763 1488 1804 possis,
1517 1763 1571 1794 vel
1594 1765 1722 1805 sparsis.

264 1807 320 1837 Fr.
347 1806 447 1836 etiam
475 1806 774 1838 Monada—1160
796 1807 893 1837 Unus
923 1807 965 1837 V.
1000 1807 1044 1837 Et
1070 1808 1212 1847 queritur
1229 1807 1425 1845 foen—461
1463 1806 1516 1838 Fr.
1540 1809 1600 1837 ret.
1624 1809 1724 1846 gemi-

265 1853 346 1886 tum,
361 1849 413 1878 sed
429 1859 454 1879 c.
478 1849 597 1878 currit:
621 1849 737 1888 plures
763 1850 868 1880 etiam
887 1849 943 1880 alii
969 1849 1192 1881 currit-462
1214 1849 1354 1881 Plurimi
1370 1859 1389 1879 a
1403 1858 1464 1889 pro
1480 1851 1617 1880 e.—4c›4
1640 1850 1725 1881 Noto

267 1895 353 1923 vett.
376 1891 551 1931 plerique3
574 1891 630 1922 alii
658 1895 859 1923 natm—465
883 1892 921 1923 F.
939 1892 1027 1922 Fors.
1052 1893 1104 1923 ille
1135 1892 1178 1923 di.
1201 1897 1237 1922 ut
1252 1902 1370 1923 summa
1394 1892 1438 1922 sit
1461 1891 1723 1923 substantivum.

266 1934 351 1964 Mox
370 1943 414 1963 ex
439 1934 570 1965 Zulicli.
588 1935 686 1964 errori
711 1934 829 1965 Heins.
857 1935 1002 1974 recepit,
1018 1934 1113 1975 quasi
1130 1935 1320 1974 elegantius
1346 1943 1444 1975 quam
1474 1934 1561 1972 vulg.
1587 1935 1724 1965 erroris:

268 1976 421 2015 Nanger.
447 1979 728 2007 errorum—466
760 1978 858 2007 Voss.
886 1986 937 2016 pr.
964 1976 1006 2007 A.
1034 1981 1070 2007 et
1101 1977 1251 2017 quinque
1279 1976 1338 2007 alii
1366 1976 1449 2015 sign.
1478 1978 1603 2015 repente
1630 1985 1723 2007 su.—

265 2020 327 2048 467
352 2017 523 2048 Scribitur
549 2017 650 2047 etiam
677 2018 865 2059 Amenenaq.
881 2019 1031 2058 Amenuq.
1054 2019 1223 2059 Anisenaq.
1249 2020 1434 2057 Amasenaq.
1459 2018 1613 2058 Antenaq.
1629 2017 1726 2050 Anie-

267 2068 337 2098 noq.
361 2064 395 2089 el
413 2059 557 2090 similia:
585 2060 636 2090 Fr.
670 2061 832 2100 Meuenaq.
859 2062 970 2091 moenia
992 2064 1182 2092 curs.—469
1205 2061 1337 2092 Fontem
1356 2069 1398 2090 ex
1414 2059 1593 2090 duodecim
1616 2061 1724 2102 scrip-

269 2101 313 2133 tis
341 2100 460 2134 Heius.
489 2100 596 2132 edidit
621 2111 684 2141 pro
726 2103 817 2143 vulg.
843 2102 964 2139 sontes.
986 2103 1071 2134 Tum
1099 2103 1196 2134 Voss.
1225 2103 1301 2134 levis
1323 2102 1450 2143 Anapi;
1483 2102 1575 2134 Maz.
1605 2104 1724 2144 Apani.

936 2214 1076 2247 NOTAE

312 2293 375 2323 458
408 2290 587 2331 Maemulas]
633 2289 785 2322 Bacchas
813 2290 971 2322 Thracias
1025 2299 1102 2321 nam
1115 2293 1274 2322 montem.

268 2341 364 2380 dicit,
377 2341 495 2382 quibus
509 2341 550 2372 ab
560 2341 709 2372 immisso
717 2341 845 2372 Bacchi
856 2339 971 2372 furore
1067 2341 1216 2381 468Αοί]
1230 2341 1368 2373 Fluvius
1380 2345 1445 2383 est,
1453 2350 1512 2373 seu
1525 2339 1599 2373 fons
1612 2342 1726 2383 potius

269 2396 305 2425 et
329 2392 455 2422 insania
472 2391 595 2423 Graece
607 2391 688 2422 illud
706 2391 819 2423 datum
837 2401 970 2424 nomen.
1025 2392 1136 2424 AEtnae
1184 2391 1321 2431 montis,
1371 2391 1404 2422 in
1439 2401 1543 2433 quem
1577 2395 1726 2423 mutatus

311 2443 374 2471 465
400 2442 478 2481 Illo]
501 2442 578 2474 Qua
594 2442 698 2482 coepit
713 2451 874 2483 quaerere.
1026 2443 1181 2474 Galateae
1198 2441 1439 2474 dilectissimus
1451 2441 1508 2473 ille
1518 2440 1614 2482 Acis,
1625 2451 1726 2482 quem

312 2493 376 2522 466
392 2490 594 2530 Turbassene]
625 2492 746 2522 Rostro
760 2492 972 2533 pedibusque
1026 2493 1258 2533 Polyphemus
1274 2501 1356 2523 saxo
1370 2491 1526 2522 illiserat.

271 2544 411 2579 terram,
424 2546 524 2581 atque
537 2540 620 2571 adeo
638 2541 852 2581 Proserpinae
869 2542 973 2574 vesti·
1069 2544 1132 2577 469
1158 2539 1300 2582 Cyanen]
1330 2539 1536 2580 Syracusani
1562 2540 1632 2582 agri
1653 2540 1726 2573 son-

276 2590 346 2631 gia,
362 2590 575 2622 invertendo.
1028 2595 1109 2622 tem.

314 2643 378 2671 467
401 2640 580 2680 Leontinos]
611 2639 768 2671 Leontini
787 2640 867 2672 urbs
883 2641 973 2672 inter
1069 2641 1189 2682 Anapi]
1212 2640 1350 2672 Fluvius
1366 2647 1419 2673 est
1433 2642 1488 2673 cui
1503 2642 1621 2683 Cyane
1637 2651 1726 2674 com-

274 2690 439 2724 Catanam
468 2694 505 2721 et
534 2690 696 2732 Hyblam,
734 2701 850 2722 versus
880 2700 972 2723 mare
1027 2691 1200 2723 miscetur.

274 2740 438 2774 Siculum.
1069 2743 1133 2773 470
1152 2740 1248 2781 Gela]
1266 2741 1333 2773 Hic
1348 2742 1453 2774 vastis
1468 2741 1580 2774 fertur
1593 2741 1729 2780 vortici-

320 2791 493 2834 Ammiano]
530 2789 697 2823 Amenani
721 2790 814 2824 fluvii
841 2790 882 2824 ad
906 2791 975 2824 AEt-
1028 2790 1090 2823 bus
1122 2791 1155 2824 in
1188 2801 1280 2824 mare
1316 2791 1406 2825 iuter
1436 2791 1660 2834 Agrigentum
1689 2796 1725 2823 et
