1773 3121
285 224 400 269 1746
768 235 810 268 Ρ.
841 237 1001 268 ovmu
1033 237 1253 269 NAsoms

286 330 439 385 [Clara
455 330 539 371 fuit
559 330 713 383 Sparte
730 345 738 371 :
770 345 937 383 magnae
956 334 1128 383 viguere
1153 332 1380 386 Mycenae:

286 398 384 440 Nec
402 411 485 438 non
507 396 748 450 Cecropiae,
780 413 856 440 nec
879 413 959 440 non
980 400 1237 452 Amphionis
1260 412 1401 440 arces.

285 465 388 505 Vile
409 466 551 505 solum
571 465 732 518 Spa-rte
749 472 837 508 est:
869 468 968 509 altoe
992 467 1188 508 cecidere
1213 467 1433 519 Mycenae.

286 531 617 584 OEdipodioniae
634 534 736 586 quid
757 538 869 583 sunt,
889 535 975 574 nisi
995 535 1160 582 fabula,
1181 533 1345 572 Thebae
1362 533 1380 572 ‘t

287 597 409 647 Quid
430 598 687 639 Pandioniae
704 603 867 641 restant
885 601 965 640 nisi
987 613 1140 640 nomen
1160 599 1346 640 Athenae
1360 597 1400 649 T]
1647 598 1734 640 430

287 766 407 810 FAB.
430 767 618 810 XLIII.
678 768 837 810 Omnia
856 782 956 823 quae
978 773 1212 811 nascuntur
1229 770 1564 811 transmutantur
1580 766 1626 808 in
1645 765 1735 807 dis-

816 837 980 877 similes
1001 837 1197 889 Species,

285 931 402 964 NnMA
428 932 633 964 Pommus
651 936 793 973 propter
807 931 986 962 scientiam
1002 941 1113 962 rerum
1127 942 1146 962 a
1159 933 1284 972 populo
1299 933 1452 963 Romano
1467 932 1504 963 in
1521 939 1664 971 regnum
1681 935 1735 966 est

328 990 506 1027 receptus:
530 986 627 1026 enjus
655 988 832 1025 praecepta
856 994 930 1014 cum
957 987 1034 1014 ante
1051 983 1152 1014 dictis
1176 984 1248 1014 haec
1272 988 1373 1014 sunt:
1407 985 1639 1023 Quaecumque
1660 992 1737 1014 nas-

326 1043 460 1076 cuntur,
483 1038 556 1069 haec
571 1036 754 1068 crescendo
771 1041 805 1067 et
824 1035 1030 1066 senescendo
1047 1036 1263 1066 transmutari
1280 1036 1311 1066 in
1328 1035 1506 1066 dissimiles
1523 1035 1673 1075 species:
1699 1039 1736 1066 et

326 1096 403 1130 post
423 1090 552 1121 obitum
568 1090 615 1121 sic
631 1089 796 1127 consumi,
813 1094 849 1120 ut
866 1093 924 1120 aut
945 1089 978 1119 in
1001 1093 1125 1119 terram
1141 1088 1278 1126 abeant,
1299 1098 1372 1129 qnae
1390 1097 1534 1128 corpora
1550 1091 1628 1118 sunt
1643 1098 1652 1125 ;
1675 1091 1736 1118 aut

326 1143 361 1174 in
383 1142 475 1182 aera,
501 1152 575 1183 quae
605 1142 727 1182 spiritu
753 1141 918 1172 contineri
941 1142 1109 1173 videntur.
1154 1142 1266 1172 Porro
1292 1142 1459 1181 Helenus,
1484 1140 1611 1172 Priami
1633 1139 1736 1179 filius,

326 1194 435 1226 refert
450 1195 492 1225 ab
508 1194 615 1225 AEnea
630 1193 723 1225 urhis
739 1193 887 1224 conditae
906 1194 1119 1234 positionem¹

285 1281 454 1338 NUNC
477 1309 653 1350 quoque
674 1296 945 1338 Dardaniam
966 1296 1082 1337 fama
1101 1300 1167 1337 est
1189 1309 1451 1348 consurgere
1472 1295 1694 1346 Romam;

283 1363 655 1417 Appenninigenae
675 1377 773 1417 quae
794 1363 997 1416 proxima
1017 1363 1252 1417 Thybridis
1271 1362 1399 1402 undis

284 1468 370 1505 dero,
392 1471 485 1507 atque
502 1467 638 1506 sepulcra
659 1477 714 1507 pro
736 1466 841 1506 opibus
865 1466 1024 1506 majorum.
1070 1465 1186 1506 Sparta
1202 1464 1270 1503 fuit
1291 1465 1431 1505 inclyta.-
1454 1474 1574 1503 magnoe
1590 1464 1736 1505 Mycenae

275 1509 472 1548 floruerunt:
496 1510 626 1549 itemque
641 1520 726 1540 arces
752 1510 919 1549 L'ecropioe‚
933 1519 985 1540 nec
1006 1519 1065 1540 non
1083 1508 1273 1548 Amphionis.
1311 1506 1428 1546 Sparta
1443 1511 1488 1537 est
1503 1509 1736 1538 contemnendus

284 1561 381 1587 “gem
404 1552 530 1583 excelsae
547 1552 688 1592 Mycenae
703 1551 823 1590 jacent.
871 1552 979 1582 Theboe
997 1550 1226 1591 OEdipodioniae
1240 1550 1314 1591 quid
1328 1553 1399 1580 sunt
1412 1549 1472 1580 nisi
1486 1547 1626 1587 fabula?
1651 1550 1736 1584 Quid

283 1596 355 1623 sunt
371 1593 502 1624 Athenoe
522 1594 706 1624 Pandioniae
721 1594 780 1623 nisi
796 1593 925 1626 nomen?

328 1643 431 1667 1L111.
454 1636 546 1666 Nunc
571 1636 667 1667 etiam
688 1635 850 1675 perhibent
879 1637 1010 1667 Romam
1034 1635 1232 1667 Dardanium
1254 1633 1374 1674 extolli,
1399 1643 1467 1674 quae
1484 1633 1629 1674 proxima
1647 1633 1736 1674 aquis

893 1718 990 1729 mev-

284 1777 344 1807 pro
370 1769 512 1798 tumulos.
557 1768 635 1798 Bas.
661 1768 704 1798 V.
728 1771 762 1798 et
778 1771 922 1809 quatuor
939 1768 995 1798 alii
1013 1778 1116 1807 magn.
1133 1767 1264 1799 micuere
1282 1767 1443 1798 M.—426
1463 1767 1591 1797 Versus
1607 1765 1737 1797 uncinis

283 1811 458 1841 conclusos
487 1810 651 1841 tollendos
679 1816 797 1841 censet
821 1811 1049 1841 Heius-427
1075 1811 1125 1840 Ex
1143 1820 1209 1841 uno
1225 1811 1321 1841 Voss.
1338 1809 1455 1842 Heius.
1472 1808 1603 1848 reponit
1625 1809 1736 1839 Cecro-

281 1854 342 1891 pia*
361 1862 420 1892 pro
438 1853 527 1892 vulg.
544 1856 574 1882 et
592 1854 851 1891 Cecropis-429
876 1853 996 1882 Fabula
1022 1862 1064 1882 ex
1091 1853 1258 1892 Bernegg.
1283 1857 1318 1883 et
1346 1853 1455 1882 altero
1482 1851 1652 1882 Strozzae:
1678 1850 1735 1881 alii

284 1897 524 1925 vamina—430
554 1895 590 1924 Si
620 1893 816 1924 retinendus
845 1898 936 1923 esset
964 1903 1092 1933 versus,
1116 1895 1236 1924 Heins.
1263 1894 1411 1924 malebat
1443 1893 1527 1928 Quid
1552 1892 1736 1923 Pandioniis

283 1940 391 1976 rescat,
417 1937 478 1967 nisi
505 1945 622 1975 nomen,
649 1935 895 1966 Athenis—431
923 1936 1074 1967 Berolin.
1111 1936 1205 1967 Hanc
1230 1946 1317 1976 quoq.
1361 1935 1506 1966 Bothius
1521 1935 1610 1975 conj.
1634 1935 1733 1967 Hinc.

943 2008 1083 2039 NOTAE

326 2073 389 2101 426
413 2070 541 2112 Sparte]
569 2072 653 2104 Quae
677 2071 899 2102 celeberrima
915 2071 983 2103 fuit

286 2121 514 2160 Peloponnesi
530 2122 659 2159 civitas,
682 2121 830 2162 Lycurgi
850 2121 982 2161 legibus

285 2171 413 2211 optime
430 2171 506 2201 olim
523 2171 690 2202 instituta.

329 2220 485 2260 Mycenoe]
514 2220 592 2251 Alia
625 2221 705 2251 urbs
739 2220 982 2261 Peloponnesi,

285 2271 549 2311 Agamemnonis
566 2271 667 2311 regia.

325 2323 387 2352 42⁷
413 2320 582 2360 Cecropioe]
613 2320 762 2351 Athenas
780 2320 865 2351 dicit
882 2329 901 2350 a
919 2320 980 2351 Ce-

285 2379 388 2411 crope
412 2370 617 2401 aedificatore
640 2370 687 2400 sic
703 2370 826 2400 dictas:
852 2369 894 2400 de
911 2369 982 2410 qui-

284 2420 346 2450 bus
377 2421 481 2450 satius
513 2426 565 2451 est
595 2425 709 2451 tacere
741 2429 837 2460 quam
873 2429 982 2459 pauca

286 2469 413 2500 dicere.

330 2517 526 2560 Amphionis]
555 2519 655 2550 Hunc
678 2519 751 2560 jam
774 2529 875 2560 supra
898 2519 982 2550 'rhe-

287 2568 406 2598 barum
421 2568 698 2608 amplificatorem
710 2570 866 2609 vidimus,
881 2580 899 2600 a
915 2579 980 2610 quo

288 2623 323 2648 et
339 2626 458 2648 nomen
474 2617 675 2650 habuerunt.

330 2669 392 2698 429
417 2663 662 2707 OEdt'poiiionioe]
690 2667 745 2699 Ab
762 2667 886 2709 OEdipo
902 2678 982 2710 rege

288 2720 418 2750 Thebae
434 2719 534 2750 etiam
551 2719 598 2750 ita
615 2719 852 2752 denominatae.

330 2772 392 2802 430
416 2769 614 2811 Pandionem]
628 2769 696 2802 Ubi
711 2770 814 2803 etiam
828 2771 983 2804 Pandion

1036 2072 1206 2113 regnavit,
1222 2071 1379 2103 Athenae.

1080 2123 1215 2164 Nomen]
1245 2123 1471 2154 Falsissimum
1493 2132 1574 2154 vero
1595 2125 1648 2154 est
1664 2122 1734 2164 Py-

1036 2173 1187 2212 thagorae
1219 2178 1372 2213 tempore
1402 2172 1483 2203 nihil
1520 2172 1583 2204 nisi
1612 2181 1735 2204 nomen

1035 2223 1141 2254 fuisse
1170 2223 1338 2262 Athenas,
1362 2233 1438 2264 quae
1477 2227 1556 2254 tunc
1590 2227 1628 2253 ut
1657 2231 1734 2255 cnm

1036 2274 1180 2303 maxime
1196 2272 1393 2305 floruerunt.
1437 2274 1552 2306 Quare
1575 2272 1735 2304 adulteri·

1034 2332 1094 2353 nos
1126 2332 1199 2354 esse
1220 2324 1278 2354 hos
1306 2333 1423 2354 versus
1443 2323 1590 2364 quinque
1614 2331 1734 2363 paren-

1036 2373 1124 2404 thesi
1140 2372 1295 2412 inclusos,
1310 2382 1374 2403 non
1392 2373 1464 2403 sine
1487 2382 1588 2403 eausa
1602 2372 1735 2404 censuit

1034 2423 1158 2454 clariss.
1178 2423 1348 2454 Heinsius.

1076 2476 1137 2504 431
1163 2473 1372 2513 Dardaniam]
1407 2472 1436 2504 A
1452 2470 1604 2512 'rx-ojanis
1631 2470 1735 2502 aedifi·

1035 2522 1219 2559 caton-ibus,
1244 2523 1299 2562 qui
1331 2532 1350 2552 a
1380 2523 1556 2560 Dardano,
1583 2521 1732 2562 Trojano

1035 2581 1130 2611 rege,
1142 2571 1188 2602 sic
1201 2570 1393 2609 dicti,illud
1411 2580 1530 2600 nomen
1549 2574 1735 2602 consecuta

1036 2626 1087 2652 est
1118 2621 1239 2652 Roma.
1297 2621 1408 2661 Supra
1445 2625 1556 2650 autem
1590 2620 1732 2654 vidimus

1035 2672 1163 2703 AEnean
1188 2680 1264 2702 cum
1288 2680 1347 2701 sno
1375 2670 1450 2701 Iulo
1474 2670 1648 2711 TroJJanos,
1663 2670 1732 2703 Ro-

1035 2731 1144 2754 manae
1160 2721 1270 2761 gentis
1282 2721 1486 2752 conditores.

1077 2774 1141 2804 432
1152 2769 1434 2813 Appenninigenae]
1460 2770 1514 2802 Ex
1525 2769 1731 2813 Appennino
