1773 3121
188 244 301 286 1942
673 254 712 283 ι’.
746 253 905 283 ovimi
940 252 1152 285 NAsoms

188 347 344 390 Vester
364 348 504 388 honos
524 347 683 397 veniet,
706 360 804 388 cum
827 348 1074 389 Larentalia
1095 349 1266 390 dicam:

245 415 471 468 Acceptus
493 414 630 467 geniis
650 415 725 455 illa
746 415 991 456 December
1010 416 1154 457 habet.

190 480 354 523 Martia
375 488 442 523 ter
463 495 590 522 senos
611 482 758 534 proles
778 482 1025 523 adoleverat
1046 495 1210 534 annos;

249 548 305 589 Et
325 550 501 590 suberat
520 549 646 590 flavae
663 549 757 602 jam
779 563 893 590 nova
907 551 1044 590 barba
1062 563 1218 591 comae.
1582 544 1641 590 60

191 614 406 656 Omnibus
428 616 631 668 agricolis
652 621 1025 670 armentorumque
1051 618 1270 670 magistris

248 681 405 723 Iliadae
428 683 581 723 fratres
596 682 697 736 jura
718 684 853 736 petita
874 683 1051 724 dabant.

192 748 324 801 Saepe
346 748 522 789 domum
543 750 719 789 veniunt
745 749 996 801 praedonum
1016 750 1227 802 sanguine
1247 749 1356 799 laeti,

250 815 307 855 Et
327 816 531 868 redigunt
552 820 674 856 actos
694 817 740 854 in
763 828 846 855 sua
866 828 966 854 rura
984 817 1136 856 boves.

193 880 257 922 Ut
277 895 410 934 genus
432 882 685 932 audierunt3
719 881 887 921 animos
907 885 1034 933 pater
1055 882 1199 922 editus
1220 884 1373 935 auget-2
1588 879 1646 921 65

250 947 307 988 Et
326 948 460 1001 pudet
480 949 524 988 in
544 947 700 1001 paucis
720 960 877 987 nomen
895 948 1051 988 habere
1072 948 1206 989 casis.

194 1012 502 1067 Romuleoque
525 1014 644 1054 cadit
663 1014 870 1068 trajectus
891 1013 1097 1055 Amulius
1118 1027 1247 1055 ense:

252 1081 495 1134 Regnaque
514 1081 714 1134 longaevo
734 1082 1019 1122 restituuntur
1039 1095 1139 1125 avo,

197 1146 370 1189 Moenia
391 1148 632 1188 conduntur
649 1162 658 1188 ε
690 1160 809 1201 quae,
829 1149 1032 1202 quamvis
1052 1161 1190 1202 parva
1207 1146 1400 1195 fuerunt,

254 1213 298 1254 N
303 1227 359 1255 on
379 1219 525 1255 tamen
546 1214 744 1266 expediit
763 1215 1037 1255 transiluisse
1063 1215 1219 1256 Remo.
1594 1213 1651 1254 ’70

196 1341 290 1372 neque
305 1336 423 1363 vestras
437 1342 518 1372 opes,
530 1341 646 1371 pauper
663 1331 823 1362 Faustule.
872 1331 981 1363 Vestra
1004 1332 1071 1363 laus
1091 1334 1228 1362 recurret
1252 1341 1321 1362 cum
1335 1330 1436 1362 dicam
1449 1329 1651 1362 Larentalia:

196 1375 366 1406 December
378 1379 490 1413 gratus
508 1375 619 1404 Geniis
632 1373 720 1404 habel
738 1374 804 1404 illa.
850 1373 975 1405 soboles
1001 1374 1124 1405 Martia
1151 1377 1286 1404 creverat
1309 1375 1350 1404 ad
1374 1383 1487 1404 annum
1501 1374 1652 1404 decimam

198 1420 350 1456 octavum,
363 1421 393 1447 et
405 1417 507 1456 prima
523 1417 634 1454 lanugo
654 1415 721 1454 jam
736 1416 844 1445 addita
866 1419 933 1446 erat
948 1416 1046 1455 flavis
1061 1416 1192 1455 capillis.
1240 1416 1370 1446 Fratres
1385 1415 1496 1446 Iliadoe
1508 1416 1652 1447 dicebant

189 1459 265 1497 jura
282 1459 419 1489 omnibus
433 1458 586 1494 ruricolis,
614 1460 645 1486 et
669 1456 830 1494 magistris
852 1460 1060 1488 armentorum
1075 1466 1133 1487 seu
1152 1458 1356 1497 pastoribus.
1401 1457 1488 1496 Soepe
1511 1460 1653 1498 repetunt

198 1503 319 1531 domum
331 1501 503 1539 gaudentes
518 1508 589 1529 nece
602 1499 766 1537 latronum,
787 1501 818 1528 et
832 1500 980 1529 reducunt
988 1499 1134 1536 juvencos
1148 1499 1271 1528 abactas
1283 1499 1316 1529 in
1331 1508 1401 1528 suos
1415 1508 1517 1537 agros.
1561 1499 1654 1529 Post-

199 1552 288 1582 quam
303 1544 510 1581 cognoverunt
525 1542 562 1571 (Ie
585 1542 638 1571 sta
640 1551 683 1581 pe
699 1550 768 1579 sua,
793 1551 905 1581 parens
928 1542 1072 1580 cognitus
1096 1541 1184 1571 addit
1200 1541 1335 1571 animos:
1359 1543 1390 1571 et
1403 1542 1502 1580 pudet
1515 1540 1657 1580 consequi

192 1585 314 1622 sunam
330 1585 363 1615 in
385 1584 492 1624 paucis
514 1583 784 1632 tuguriis;at51ue
810 1584 955 1615 Amulius
979 1584 1131 1615 sternitur
1158 1583 1328 1624 tiansfixus
1351 1582 1458 1622 gladio
1483 1583 1655 1620 Romuleo,
1648 1593 1660 1601 ’

198 1631 241 1658 a!
234 1637 288 1668 qne
303 1637 401 1666 regna
416 1628 587 1658 redduntur
601 1636 657 1657 avo
670 1626 793 1657 seniori.
839 1627 927 1657 Muri
940 1630 1118 1667 pennatum
1145 1627 1210 1667 qui,
1227 1625 1351 1657 tametsi
1366 1625 1495 1657 humiles
1510 1626 1588 1665 fuet
1590 1629 1659 1666 unt

812 1721 947 1732 ‘‘‘‘‘
948 1721 1044 1732 W

199 1775 327 1812 rentia5
360 1779 396 1806 et
419 1785 497 1806 mox
525 1785 574 1806 vs.
591 1777 643 1806 57.
664 1775 965 1806 Laurentalia.—59
992 1775 1153 1806 Nonnulli
1177 1778 1226 1806 ter
1247 1774 1549 1806 senis...anm's.—61
1575 1774 1658 1807 Qui·

201 1818 278 1848 dam
295 1818 427 1858 scripti,
444 1822 480 1848 et
495 1817 549 1848 ed.
577 1818 725 1858 Neapol.
750 1821 988 1857 armentorumq.
1014 1819 1264 1849 ministris.—63
1288 1818 1327 1848 ln
1349 1821 1434 1849 vett.
1449 1818 1579 1848 redeant
1594 1825 1657 1857 pro

202 1861 425 1892 renizmt.—64
448 1860 549 1891 Statii
573 1860 673 1898 liber,
700 1865 735 1891 et
760 1860 896 1901 quidam
924 1861 979 1891 alii
1008 1861 1140 1901 scripti,
1165 1865 1272 1900 raptos
1298 1869 1358 1900 pro
1384 1863 1479 1891 actos.
1524 1859 1658 1891 Deinde

204 1904 294 1943 vulg.
309 1903 479 1934 edebatur
493 1901 633 1940 suaJ‘ura
649 1902 714 1933 boz.
730 1907 765 1933 at
776 1912 851 1933 rura
867 1903 1032 1941 meliores,
1047 1907 1136 1933 teste
1154 1903 1273 1934 Heins-
1289 1903 1355 1933 duo
1371 1903 1473 1933 etiam
1495 1905 1598 1937 tecta,
1592 1912 1599 1918 ·
1621 1906 1658 1932 et

207 1955 290 1976 unns
318 1948 432 1977 castra.
435 1948 517 1976 —65
542 1945 719 1976 4udierunt
734 1954 775 1975 ex
804 1945 882 1975 Pat.
905 1946 1068 1975 audievant
1096 1944 1162 1975 alii.
1210 1943 1345 1974 Deinde
1368 1944 1481 1974 Ursin.
1498 1943 1563 1973 duo
1579 1943 1659 1978 Pat.

208 1992 242 2017 et
269 1987 335 2018 duo
360 1987 455 2017 Med.
480 1990 548 2026 p.at
574 1987 702 2025 agnitus
723 1997 795 2026 aug.
798 1989 883 2017 —66
906 1986 1025 2017 Paucis
1049 1986 1170 2016 Heins.
1196 1984 1326 2026 profert
1353 1994 1396 2015 ex
1419 1984 1531 2016 Ursin.
1548 1994 1600 2025 pr.
1618 1985 1658 2017 F.

206 2029 336 2061 Zulicli.
349 2029 440 2059 Maz.
456 2029 606 2068 Nauger.
618 2028 697 2060 Pet.
710 2033 746 2060 et
759 2033 838 2060 octo
855 2028 949 2066 aliis;
965 2029 1052 2069 vulg.
1068 2028 1183 2068 parvis.
1187 2031 1272 2058 -69
1287 2027 1377 2058 Mor.
1391 2037 1479 2067 parv.
1489 2025 1662 2064 ser-unium·

854 2129 992 2161 NOTAE

209 2213 333 2244 pueros
349 2203 523 2235 educasse.
1003 2207 1044 2236 62
1084 2205 1209 2246 Iliadae]
1247 2204 1320 2236 Iliae
1350 2202 1423 2244 filii,
1437 2203 1597 2235 Romulus
1623 2208 1660 2235 et

249 2259 289 2286 57
309 2256 504 2296 Larentalia]
525 2254 696 2286 Larentiae
712 2254 814 2294 festa,
831 2265 906 2296 quae
960 2254 1096 2286 Remus.

209 2307 344 2348 quidem
361 2307 394 2337 in
411 2307 519 2338 veteri
533 2305 742 2338 Kalendario
759 2305 800 2336 ad
817 2315 907 2336 men·
1004 2307 1043 2335 63
1068 2305 1274 2345 Praedonum]
1298 2304 1391 2337 Quos
1421 2308 1480 2336 aut
1506 2305 1661 2337 vulnera-

210 2367 279 2388 seni
297 2356 524 2388 Decembrem
542 2355 771 2386 remittuntur.
962 2359 1081 2386 verant
1095 2360 1156 2386 aut
1172 2355 1383 2386 occiderant.

252 2410 293 2437 58
308 2405 476 2446 Acceptus]
492 2406 635 2444 Gratus3
653 2405 732 2446 quia
741 2415 781 2436 eo
793 2414 908 2436 mense
1005 2408 1046 2436 64
1071 2405 1178 2445 Actes]
1202 2404 1352 2436 Abactos
1369 2414 1388 2435 a
1403 2404 1631 2445 praedonibus.

210 2457 416 2494 Saturnalia,
445 2456 576 2497 quibus,
608 2456 730 2488 ceteris
767 2456 909 2495 omissis,
1004 2459 1045 2486 65
1082 2455 1203 2495 Genus]
1241 2454 1339 2485 Unde
1365 2455 1530 2494 originem
1561 2454 1662 2487 duce-

212 2507 311 2546 genio
323 2506 559 2546 indulgebant,
573 2511 608 2538 et
621 2507 822 2547 voluptuosa
832 2515 909 2537 con·
963 2511 1049 2537 rent.
1094 2504 1193 2538 Quod
1211 2504 1346 2545 quidem
1372 2504 1553 2535 Faustulus
1580 2504 1661 2536 edo-

212 2558 301 2588 vivia
317 2557 502 2597 agitabant.
962 2556 1071 2587 cuisse
1087 2554 1225 2584 dicitur.

257 2612 297 2639 59
321 2608 458 2648 Martia]
483 2609 643 2639 Romulus
659 2612 693 2639 et
712 2608 852 2639 Remus.
1006 2608 1049 2636 66
1073 2602 1207 2642 Nomen]
1231 2603 1368 2633 Famam
1385 2605 1419 2632 et
1435 2601 1583 2633 laudem.

260 2658 318 2688 Ter
346 2657 445 2697 senos]
477 2658 530 2688 Ad
558 2657 726 2688 decimum
752 2661 910 2688 octavum
1005 2657 1047 2686 68
1070 2653 1152 2693 Avo]
1177 2651 1359 2692 Numitori,
1384 2660 1483 2693 quem
1508 2651 1580 2684 lliae
1604 2662 1662 2694 pa·

216 2717 338 2739 anuum
353 2711 542 2738 creverant.
965 2709 1052 2736 trem
1067 2704 1227 2734 diximus.

259 2762 299 2788 6¹)
327 2758 413 2787 Noua
429 2756 537 2796 barba]
562 2758 699 2797 Lauugo
717 2756 836 2797 prima.
1008 2756 1050 2785 69
1073 2752 1206 2792 Moenz'a]
1229 2752 1394 2792 Romana,
1408 2751 1484 2782 scil.

259 2812 299 2839 61
324 2808 506 2849 magistris]
528 2807 740 2840 Pastor-ibus.
1012 2802 1132 2843 Parva]
1154 2802 1238 2834 Cum
1254 2801 1362 2843 primo
1378 2800 1527 2833 condita.
