1773 3121
216 234 329 278 1858

213 338 320 381 TER
342 343 497 394 quater
516 339 660 381 evolvi
679 340 898 393 signantes
919 344 1117 394 tempora
1138 340 1326 395 Fastos;

273 406 371 447 Nec
394 406 641 448 Sementiva
656 411 722 448 est
741 408 829 448 ulla
848 413 1022 461 reperta
1043 408 1160 449 dies:

215 472 328 514 Cum
347 473 467 522 mihi,
490 474 625 515 sensit
645 473 772 524 enim,
794 474 895 515 Lux
914 475 1012 515 haec
1034 475 1250 524 indicitur,
1272 475 1427 529 inquit,

273 541 432 581 Musa:
464 541 571 595 quid
592 554 619 581 a
637 541 782 582 Fastis
801 554 886 582 non
908 546 1022 583 stata
1045 555 1169 582 sacra
1190 542 1304 595 petis
1321 543 1338 582 ‘l

215 607 363 661 thue
385 608 480 649 dies
501 609 667 650 incerta
686 621 827 658 sacro,
851 609 916 649 sic
937 611 1130 662 tempora
1150 613 1285 659 certa,

272 674 520 716 Seminibus
533 676 671 729 jactis
693 679 761 716 est
778 677 852 716 ubi
872 675 1005 716 foetus
1027 688 1144 728 ager.

215 741 335 782 State
357 743 553 783 coronati
575 743 751 795 plenum
772 742 828 783 ad
849 755 1049 795 praesepe
1065 742 1270 795 juvenci:

271 808 381 849 Cum
399 809 547 862 tepido
569 812 760 850 vestrum
781 821 880 848 vere
903 808 1060 848 redibit
1081 821 1213 860 opus.

214 874 431 916 Rusticus
449 877 670 915 emeritum
694 875 796 927 palo
817 874 1053 926 suspendat
1074 878 1285 916 aratrum:

271 940 411 981 Omne
432 941 681 982 reformidat
700 939 853 992 frigida
874 940 1028 980 vulnus
1049 939 1217 980 humus.

704 248 747 283 P.
780 247 937 278 OVIDII
972 246 1185 279 NASONIS

1583 540 1669 582 660

1581 873 1668 916 665

212 1053 278 1079 iore
293 1049 449 1080 occiderit.
542 1050 666 1089 Perlegi
691 1053 739 1081 ter
764 1054 871 1091 quater
897 1051 1009 1082 Fastos
1033 1054 1176 1081 notantes
1195 1053 1344 1090 tempora,
1357 1057 1449 1089 neque
1463 1049 1525 1079 ulla
1539 1049 1605 1080 dies
1618 1052 1664 1080 est

210 1092 334 1123 inventa
350 1092 526 1123 Sementiva
539 1104 552 1130 ;
575 1102 643 1123 cum
672 1094 767 1123 Musa
793 1094 877 1124 dixit
903 1094 991 1129 milti,
1013 1103 1140 1133 namque
1155 1094 1304 1132 advertit,
1322 1092 1401 1122 Dies
1415 1091 1480 1122 hoec
1494 1091 1644 1122 indicitur
1655 1102 1666 1122 .·

210 1134 403 1173 quamobrem
418 1135 529 1176 quaerz's
544 1136 575 1165 z'n
593 1135 697 1166 Fastis
712 1145 799 1166 sacra
813 1146 872 1166 non
886 1134 997 1167 stata?
1029 1137 1074 1166 Et
1090 1136 1339 1175 quemadmodum
1354 1134 1420 1165 dies
1433 1133 1550 1164 incerta
1565 1143 1666 1173 sacro,

208 1178 255 1206 ila
271 1180 407 1216 tempora
421 1180 506 1207 certa
518 1187 529 1212 ;
553 1187 621 1207 cum
647 1187 723 1215 ager
746 1181 791 1209 est
813 1179 965 1217 gravidus
993 1179 1157 1208 seminibus
1181 1177 1307 1218 sparsis.
1356 1177 1453 1208 Tauri
1470 1178 1562 1207 sertis
1582 1176 1666 1207 redi·

209 1219 280 1248 miti
294 1222 375 1249 state
390 1220 430 1248 ad
452 1218 604 1249 stabulum
616 1219 760 1258 plenum.-
782 1221 866 1250 labor
887 1224 985 1251 vester
1005 1220 1203 1250 renovabitur
1230 1230 1297 1250 cum
1320 1229 1389 1250 vere
1414 1219 1526 1258 tepido.
1570 1219 1667 1257 Agri-

208 1260 275 1291 cola
289 1262 397 1301 affigat
408 1261 479 1300 palo
501 1264 640 1292 aratrum
660 1262 819 1293 emeritum
831 1272 841 1291 .·
863 1265 947 1293 terra
954 1262 1081 1301 frigida
1101 1262 1213 1293 metuit
1228 1271 1345 1292 omnem
1357 1263 1494 1301 plagam.
1544 1260 1670 1303 Viuit-e,

820 1343 917 1356 -evtm

202 1400 311 1438 surr-o,
336 1399 390 1430 vei
411 1400 507 1440 pullo,
533 1399 587 1429 vel
602 1399 812 1437 fulto—657
837 1399 938 1439 Saepe
967 1400 1071 1432 etiam
1097 1400 1223 1440 legitur
1250 1400 1362 1431 Faslus
1386 1409 1446 1439 pro
1477 1399 1598 1440 Fastos,
1623 1403 1662 1431 ut

210 1444 434 1481 supra.-—658
459 1441 498 1471 In
529 1444 617 1481 vulg.
635 1441 794 1472 scribitur
810 1441 999 1473 Sementiua.
1024 1442 1131 1472 Codd.
1149 1443 1303 1473 variant:
1328 1441 1514 1473 Sementinoe
1532 1439 1662 1474 Arund-

207 1483 297 1514 Laeti
314 1488 349 1514 et
364 1484 511 1524 quinque
527 1484 580 1514 alii
597 1494 604 1514 :
629 1483 806 1515 Sementiva
832 1488 974 1523 septem.
1021 1484 1149 1523 Ursini,
1171 1484 1251 1515 Pet.
1280 1488 1316 1514 et
1332 1484 1450 1515 decem
1466 1483 1521 1513 alii
1536 1482 1661 1514 Semen-

208 1526 285 1555 tita:
308 1525 403 1557 Voss.
431 1526 624 1558 Sementitia.
669 1525 736 1556 Sed
780 1525 868 1566 apud
898 1526 1043 1557 Varron.
1073 1536 1097 1557 1.
1131 1529 1162 1557 2.
1195 1525 1247 1556 bis
1278 1526 1287 1542 ⁴
1303 1525 1508 1556 Sementivae
1533 1523 1662 1563 iferiae?

208 1573 404 1607 occurrunt,
417 1578 493 1608 qum
512 1569 612 1599 Festo
627 1572 705 1598 sunt
723 1568 929 1604 Sementinoe;
953 1572 989 1599 et
1005 1568 1074 1599 illic
1091 1568 1125 1599 in
1140 1568 1268 1598 duobus
1287 1567 1394 1598 Codd.
1422 1566 1518 1598 Leid.
1534 1566 1660 1598 Semen-

206 1609 400 1641 tiua-659
424 1611 478 1640 Fr.
495 1610 559 1641 hoec
578 1610 740 1646 inciditur,
758 1611 821 1649 z'nq.
842 1611 897 1640 ubi
913 1610 941 1640 ci
958 1614 1009 1640 est
1027 1620 1045 1640 a
1059 1615 1251 1641 correctore
1267 1621 1275 1648 ;
1300 1610 1360 1640 sed
1376 1610 1409 1642 in
1426 1619 1531 1649 marg.
1547 1609 1659 1640 indici-

207 1655 380 1683 ατη-660
407 1652 446 1682 Ρ.
460 1653 546 1683 alter
559 1662 578 1682 a
591 1653 701 1688 soerz's,·
725 1653 887 1692 Excerpt.
903 1652 1092 1683 Kloekliov.
1109 1654 1142 1685 in
1158 1653 1380 1684 Fastis—661
1406 1651 1526 1683 Heius.
1544 1657 1660 1691 protu-

204 1694 245 1725 lit
260 1704 346 1724 sacro
363 1704 405 1725 ex
421 1694 499 1725 Pet.
516 1695 602 1725 Maz.
620 1700 655 1725 et
672 1704 737 1724 uno
754 1695 844 1725 Mor.
861 1695 951 1734 vulg.
979 1695 1095 1725 sacris.-
1119 1695 1236 1725 Ursini
1261 1695 1344 1725 Cod.
1371 1694 1494 1735 aliique
1508 1694 1658 1726 nonnulli

206 1746 293 1766 sacra
315 1740 380 1773 est;
405 1738 553 1768 nonnulli
569 1737 651 1768 sacri
663 1739 720 1776 est,
733 1741 768 1767 et
786 1739 840 1768 Fr.
856 1737 952 1776 sacri,
966 1738 1088 1768 omisso
1105 1741 1161 1768 est.
1207 1737 1344 1768 Deinde
1361 1736 1448 1767 idem
1472 1735 1569 1767 dedit
1584 1740 1661 1767 tem-

202 1789 280 1820 pora
295 1782 379 1809 certa
391 1789 434 1810 ex
451 1780 645 1810 melioribus
664 1789 724 1819 pro
742 1780 831 1819 vulg.
847 1782 981 1819 tempore
993 1782 1194 1811 certa—662
1219 1779 1393 1817 Projaclz's
1407 1779 1502 1809 multi
1515 1788 1557 1809 ex
1573 1784 1659 1811 vett.

205 1822 300 1860 actis,
315 1831 380 1852 non
405 1822 621 1862 improbante
638 1822 862 1853 Burni.—664
887 1822 1046 1852 Francius
1066 1822 1201 1853 volebat
1217 1822 1303 1852 Dum
1320 1821 1521 1862 tepid.—665
1546 1820 1661 1852 Ursini

205 1864 306 1903 liber,
320 1869 356 1894 et
371 1874 456 1894 unus
472 1864 550 1895 Pat.
573 1864 700 1895 Villicus
724 1873 815 1895 emer.
837 1864 921 1894 Tum
949 1864 1010 1895 Be.
1035 1869 1070 1895 et
1098 1863 1137 1894 P.
1155 1865 1241 1894 alter
1253 1865 1345 1904 paulo
1359 1863 1537 1903 suspendit:
1561 1863 1659 1894 multi

204 1907 304 1939 etiam
320 1907 377 1939 alii
402 1906 676 1947 suspendit.—666
700 1905 821 1940 Heius.
849 1905 984 1946 profert
997 1906 1126 1946 frigida
1142 1915 1183 1936 ex
1209 1906 1325 1937 Ursin.
1351 1906 1479 1937 Zulich.
1506 1906 1595 1937 Maz.
1620 1910 1656 1937 et

863 2001 1003 2034 NOTAE

247 2077 308 2106 655
333 2073 442 2105 Sidere
464 2074 501 2104 ab
532 2074 601 2113 hoc]
637 2074 722 2105 Post
745 2083 902 2106 occasum

205 2124 324 2164 Lyrae;
348 2133 435 2154 nono
451 2124 603 2164 adeoque
620 2124 765 2155 Kalend.
783 2124 881 2156 Febr.

246 2173 351 2212 Ignis]
373 2174 480 2204 Stella
495 2173 683 2212 splendida.

245 2222 372 2263 Leonis]
396 2223 461 2255 Qui
476 2223 566 2253 sidus
583 2228 634 2254 est
650 2224 684 2253 iu
701 2223 859 2256 Zodiaco.

246 2277 309 2305 656
326 2273 448 2304 Mersus
465 2273 540 2312 erit]
559 2273 711 2304 Cosmice
727 2275 902 2307 occiderit.

204 2325 403 2364 Quanquam
433 2323 619 2353 Columella
649 2328 745 2354 sexto
772 2328 901 2356 tantum

205 2373 350 2405 Kalend.
369 2373 466 2404 Febr.
483 2373 635 2413 immergi
652 2374 780 2406 scribit.

246 2425 307 2453 657
331 2422 480 2462 Signant]
503 2421 542 2452 In
558 2423 678 2463 quibus
707 2424 840 2464 signata
863 2429 899 2456 et

203 2471 376 2512 descripta
399 2476 476 2502 sunt
499 2476 664 2512 tempora,
681 2477 716 2504 et
732 2483 900 2514 quaecum-

204 2532 269 2565 que
286 2523 318 2553 in
331 2523 371 2553 iis
388 2522 486 2553 fiunt.

245 2574 308 2602 658
332 2571 523 2612 Sementiva]
540 2572 742 2603 Sementinae
760 2571 867 2612 feriae,
881 2583 900 2604 a

202 2624 353 2653 semente
366 2621 487 2659 dictoe3
512 2621 587 2652 ideo
610 2621 789 2660 institutae,
805 2623 899 2663 quasi

203 2682 246 2703 ex
276 2673 316 2703 iis
343 2672 458 2713 fruges
494 2673 718 2714 grandescere
750 2678 899 2713 possent.

205 2721 269 2752 His
285 2720 380 2753 feriis
398 2723 483 2754 Deae
505 2722 582 2753 duae
599 2722 693 2753 Seria
708 2725 744 2752 et
766 2721 901 2753 Semen-

203 2772 275 2805 tina
299 2772 507 2817 praepositae.
542 2772 646 2806 Sacra
670 2781 750 2806 vero
772 2771 807 2804 in
827 2771 900 2804 aede

956 2074 1099 2106 Telluris
1112 2075 1230 2106 Cereri
1256 2079 1292 2106 et
1310 2074 1440 2106 Telluri
1455 2073 1596 2115 fiebant,
1617 2078 1655 2106 ut

958 2134 1000 2155 ex
1016 2125 1170 2155 Varrone
1186 2129 1340 2165 apparet.

1004 2173 1091 2213 Ulla]
1116 2175 1217 2213 Quia,
1243 2175 1314 2205 scil.
1341 2173 1436 2204 feriae
1458 2173 1468 2190 ‘
1484 2172 1656 2214 concepti-

957 2224 1020 2255 vae’
1047 2230 1166 2263 erant;
1189 2225 1222 2255 id
1250 2228 1302 2255 est
1330 2234 1405 2264 quae
1430 2222 1610 2264 quotannis
1635 2232 1656 2254 a

957 2273 1198 2304 Sacerdotibus
1225 2272 1505 2313 concipiebantur
1528 2272 1563 2302 in
1581 2271 1653 2304 dies

956 2330 1080 2361 certos,
1097 2325 1149 2354 vel
1163 2324 1268 2354 etiam
1284 2324 1451 2354 incertos:
1469 2332 1543 2353 cum
1560 2323 1570 2339 ⁴
1585 2327 1654 2354 sta-

957 2373 1046 2404 tivae’
1065 2374 1211 2404 universi
1229 2373 1343 2414 populi
1361 2381 1567 2412 communes,
1581 2381 1655 2402 cer-

957 2424 998 2455 tis
1014 2427 1051 2454 et
1071 2423 1264 2454 constitutis
1280 2422 1398 2453 diebus
1413 2432 1452 2453 ac
1469 2421 1652 2460 mensibus,

955 2476 990 2503 et
1021 2473 1053 2503 in
1084 2472 1194 2503 Fastis
1229 2472 1327 2502 statis
1362 2469 1651 2502 observationibus

956 2526 1136 2553 annotatae.

997 2574 1060 2603 659
1084 2571 1253 2610 Indicitur]
1277 2570 1428 2602 Celerius
1445 2569 1579 2610 quidem
1596 2570 1650 2601 vel

955 2622 1073 2661 serius,
1100 2632 1160 2663 pro
1192 2621 1353 2661 temporis
1381 2619 1649 2660 ratione;jact0

955 2672 1042 2703 enim
1059 2672 1184 2702 semine
1201 2671 1272 2701 dies
1287 2669 1507 2701 indicebatur.

996 2724 1059 2753 662
1083 2720 1204 2760 Foetus]
1228 2719 1411 2752 Gravidus.

998 2775 1059 2806 663
1086 2770 1248 2815 Coronati]
1270 2771 1377 2803 Moris
1401 2770 1491 2802 enim
1509 2769 1588 2812 fuit,
1609 2772 1647 2801 ut
