1773 3121
213 200 329 243 1806
700 213 740 243 P.
775 212 933 242 ovlnu
966 211 1180 242 NASONis

213 306 424 348 Vindicat
443 305 667 347 Ausonias
688 306 716 346 J
719 308 877 347 unonis
897 319 1001 347 cura
1020 306 1271 347 Kalendas:

272 374 429 415 Idibus
453 374 555 414 alba
576 373 605 414 J
609 374 681 414 ovi
702 374 906 426 grandior
925 386 1038 427 agna
1058 373 1190 414 cadit.

215 440 441 482 Nonarum
463 441 598 481 tutela
627 441 717 482 Deo
736 446 867 482 caret.
889 439 1146 499 {Omnibus
1167 439 1269 481 istis

270 506 366 561 (Ne
386 507 538 548 fallare
559 507 689 562 cave)
709 509 936 561 proximus
958 507 1069 548 Ater
1089 507 1181 547 erit.

215 573 354 615 Omen
374 576 428 615 ab
450 579 603 616 eventu
623 580 716 616 est:
737 564 839 615 ..illis
860 588 961 615 nam
984 574 1131 615 Roma
1148 574 1305 614 diebus

272 643 449 684 Damna
468 643 547 684 sub
568 642 752 684 adverso
773 643 919 683 tristia
937 642 1080 682 Marte
1102 641 1221 682 tulit.
1616 640 1674 681 60

210 741 292 772 redit
305 750 424 781 semper
449 751 467 771 a
489 741 538 771 die
562 751 648 771 nono.
698 742 781 771 Cura
804 741 938 771 Junonz's
963 740 1075 771 asserit
1100 740 1260 770 Kalendas
1287 738 1435 769 Latinas:
1466 737 1573 769 Idibus
1590 746 1674 776 agna

210 783 340 813 candida
356 783 452 821 major
468 786 621 813 mactatur
637 784 723 813 ιΙουὶ.
770 783 870 813 Nonoe
892 786 998 814 carent
1022 783 1090 813 Deo
1113 785 1278 812 asserente.
1329 781 1407 811 Vide
1433 790 1471 811 ne
1497 780 1675 820 decipiaris,

208 826 369 865 proximus
383 826 520 856 omnibus
547 826 614 855 istis
638 825 699 854 erit
722 824 848 861 infelix.
891 825 1090 863 Proesagimn
1115 827 1161 854 est
1186 823 1223 853 ab
1252 827 1380 854 eventu.-
1404 833 1475 853 nam
1490 823 1595 854 aiebas
1609 822 1675 853 iuis

211 868 311 898 Roma
324 877 415 907 passa
429 871 474 898 est
488 868 589 897 clades
604 866 730 897 miseras
742 867 797 897 sub
813 866 924 903 infesto
941 866 1058 897 Marte.
1103 866 1172 895 Ista
1186 875 1292 905 sparsa
1306 875 1361 905 pei·
1374 868 1453 896 totos
1460 865 1565 903 fastos
1580 864 1671 896 semel

826 950 1058 962 oeconomo-mt-

211 1004 274 1035 orb.
291 1005 470 1035 vemt—55
495 1004 615 1035 Heins.
643 1004 792 1035 malebat
815 1004 855 1034 A.
871 1004 1009 1034 Juuonia
1022 1006 1175 1035 cm·.-—56
1199 1003 1237 1035 F.
1257 1003 1285 1033 Ι.
1309 1003 1364 1034 illa
1379 1004 1414 1034 J.
1442 1003 1561 1034 Heius.
1580 1003 1674 1043 conj.

209 1048 284 1078 icta.
302 1047 449 1079 Quidam
464 1048 497 1078 J.
510 1049 635 1085 gratior
655 1057 728 1085 agn.
754 1046 846 1077 Dein
865 1046 977 1076 Ursini
1001 1051 1037 1077 et
1063 1050 1209 1087 quatuor
1224 1045 1280 1076 alii
1306 1055 1348 1076 ex
1364 1046 1558 1077 melioribus
1573 1047 1674 1078 cadet.

212 1092 296 1120 —58
321 1090 424 1120 Multi
448 1089 555 1120 Codd.
572 1094 606 1120 et
626 1089 708 1120 Edd.
723 1089 826 1119 etiam
849 1089 970 1129 aliquae
984 1089 1059 1127 (Ne
1078 1088 1217 1128 fallare)
1232 1089 1297 1119 dies
1316 1091 1494 1128 prom—59
1518 1088 1618 1120 Cant.
1636 1092 1675 1119 et

212 1141 295 1162 unus
329 1132 446 1163 Heius.
479 1133 599 1163 Nomen
616 1141 677 1171 pro
707 1132 903 1162 omem—60
928 1131 1092 1171 Excerpt.
1121 1132 1218 1162 Voss.
1250 1136 1384 1171 septem
1411 1131 1520 1162 Codd.
1546 1135 1582 1162 et
1611 1129 1675 1162 Ed.

872 1218 1015 1250 NOTAE

254 1287 293 1315 55
309 1285 476 1325 Ausonias]
502 1284 640 1315 Latinas
652 1294 710 1315 seu
725 1285 895 1315 Romanas
908 1294 916 1322 ;

213 1333 347 1365 Graecis
365 1343 511 1374 namque
527 1335 627 1365 nullae
644 1333 794 1364 fuerunt.

974 1284 1130 1317 Quatuor
1147 1288 1181 1315 at
1197 1284 1318 1325 reliqui
1333 1294 1342 1322 ;
1366 1283 1462 1315 dabit
1480 1283 1560 1315 Idus
1577 1282 1677 1325 quili-

973 1334 1033 1365 bet
1050 1334 1163 1365 Octo.’

255 1385 390 1414 Junom's
415 1384 504 1424 cura]
545 1384 650 1424 Cujus
682 1383 915 1414 Kalendarum

213 1434 268 1464 die
299 1443 413 1464 curam
441 1433 634 1471 habebant3
663 1444 805 1475 quaeque
829 1434 915 1464 adeo

212 1482 416 1513 Kalendaris
428 1494 447 1513 a
460 1484 623 1514 Kalendis
639 1484 740 1519 dicta.
764 1484 914 1524 Majores

212 1538 339 1572 autem,
364 1538 401 1563 ut
425 1534 535 1574 inquit
558 1533 776 1573 Plutarchus,
793 1544 917 1564 annum

212 1582 320 1620 Jovis,
346 1591 477 1612 menses
493 1583 636 1614 Junonis
655 1592 728 1613 esse
746 1582 917 1613 existima-

212 1636 301 1663 runt.
330 1632 468 1671 Quippe
481 1632 566 1663 hanc
582 1633 725 1663 Dianam
739 1638 774 1663 et
788 1632 918 1663 Lunam

213 1692 286 1714 esse
304 1682 536 1721 crediderunt,
552 1692 594 1713 ex
611 1683 708 1723 cujus
722 1687 843 1714 exortu
856 1683 918 1713 ini-

212 1732 295 1762 tium
323 1733 486 1762 meusium
513 1738 746 1765 servaverunt.
791 1733 920 1774 Atque,

215 1788 252 1814 ut
268 1793 310 1813 ex
323 1783 500 1815 Macrobio
518 1784 692 1823 discimus,
704 1784 822 1824 priscis
837 1789 920 1814 tem-

213 1832 350 1872 poribus
369 1833 531 1864 Pontifici
549 1834 668 1864 minori
689 1834 762 1864 haec
787 1833 920 1874 provin-

212 1882 263 1913 cia
280 1882 526 1921 delegabatur;
551 1889 586 1914 ut
609 1893 705 1914 novae
723 1884 826 1913 Lunae
851 1882 917 1922 pri-

213 1941 303 1961 mum
321 1932 521 1963 observaret
538 1938 725 1972 aspectum,
743 1934 916 1972 visamque

215 1980 299 2020 Regi
313 1980 501 2011 sacrificulo
515 1982 696 2012 nuntiaret.
742 1981 916 2012 Sacrificio

214 2029 338 2059 deinde
368 2040 387 2060 a
411 2031 507 2070 Rege
530 2036 565 2060 et
588 2031 719 2061 minore
745 2030 919 2061 Pontifice.

213 2079 402 2117 celebrato,
423 2079 512 2109 idem
530 2080 704 2120 Pontifex,
724 2082 836 2119 calata,
853 2081 915 2110 hoc

216 2134 269 2160 est
286 2134 419 2168 vocata,
433 2130 466 2160 in
484 2131 687 2169 Capitolium
706 2131 820 2171 plebe,
834 2135 916 2173 quot

213 2187 351 2209 numero
382 2179 453 2209 dies
483 2188 502 2208 a
533 2179 699 2210 Kalendis
727 2181 768 2210 ad
800 2180 916 2210 Nonas

213 2232 431 2268 superessent
462 2229 724 2267 pronuntiabat:
761 2234 796 2259 et
822 2230 914 2270 quiu-

213 2282 309 2307 tanas
327 2277 474 2317 quidem,
498 2277 592 2308 dicto
616 2279 794 2319 quinquies
812 2279 915 2309 verbo

212 2327 916 2368 kandifflocestmoco,septimanas,repetito

213 2378 354 2418 septies,
368 2377 588 2416 praedicabat.
607 2379 709 2408 Hunc
723 2387 803 2408 vero
816 2378 917 2417 diem,

213 2428 269 2469 qui
300 2438 342 2458 ex
373 2428 421 2458 liis
466 2427 522 2468 qui
556 2428 753 2458 kalarentur
789 2428 916 2469 primus

213 2483 314 2517 esset,
326 2478 454 2518 placuit
468 2479 640 2509 Kalendas
650 2481 774 2510 vocari.
799 2481 916 2511 Nonas

214 2529 304 2570 quod
333 2529 469 2565 attinet,
493 2529 592 2559 immo
611 2534 646 2559 et
668 2530 761 2567 Idus,
791 2531 818 2560 si
842 2531 915 2571 quis

214 2586 328 2608 earum
357 2578 520 2608 rationem
551 2582 765 2617 perspectam
788 2579 915 2610 habere

215 2628 320 2668 cupit,
331 2637 373 2658 ex
387 2628 515 2658 duobus
530 2628 746 2668 sequentibus
761 2628 916 2659 versibus

216 2678 248 2708 id
276 2677 376 2708 facile
405 2682 651 2719 consequetur:
682 2679 690 2695 ‘
708 2679 776 2709 Sex
804 2679 915 2709 Maius

217 2728 346 2766 Nonas,
385 2728 552 2770 October,
572 2728 698 2770 Julius,
735 2732 771 2760 et
802 2729 916 2769 Mars;

1014 1387 1056 1414 56
1079 1383 1203 1424 Idibus]
1219 1384 1301 1415 Idus
1315 1383 1577 1424 appellabantur
1589 1382 1675 1423 dies,

971 1433 1028 1474 qui
1057 1442 1205 1463 mensem
1236 1442 1342 1472 prope
1371 1434 1406 1463 in
1437 1433 1520 1464 duas
1557 1438 1674 1473 partes

973 1482 1195 1520 dividebant;
1235 1486 1337 1523 atque
1360 1482 1394 1512 in
1416 1482 1586 1513 decimum
1606 1487 1675 1514 ter-

973 1533 1055 1564 tium
1070 1537 1127 1563 aut
1144 1532 1312 1563 decimum
1327 1532 1478 1573 quintum
1495 1533 1598 1574 illius,
1614 1542 1675 1574 pro

972 1584 1065 1614 vario
1085 1584 1259 1615 Nonarum
1287 1593 1439 1622 numero,
1465 1583 1676 1615 incidebant.

972 1633 1047 1663 Vox
1079 1642 1099 1662 a
1126 1632 1270 1663 Thuscis
1299 1631 1465 1671 derivata,
1492 1631 1547 1673 qui
1569 1632 1676 1663 iduare

974 1692 1034 1723 pro
1062 1683 1233 1721 dividuere,
1257 1686 1293 1713 et
1324 1682 1414 1722 quod
1437 1692 1527 1713 nunc
1543 1682 1676 1714 obtinet

973 1733 1123 1772 dividere,
1139 1731 1315 1763 dicebant.

1016 1783 1124 1823 Agna]
1151 1782 1258 1813 Idulis
1285 1782 1467 1821 i11a‚sacra
1492 1781 1606 1813 Idulia
1632 1781 1687 1822 ab,

974 1833 1091 1863 Idibus
1107 1837 1305 1872 nuncupata
1322 1836 1412 1863 sunt.

1014 1885 1054 1912 57
1068 1881 1246 1921 Nonarum]
1260 1882 1368 1912 Nonae
1379 1882 1457 1913 inde
1469 1882 1571 1913 dictae
1583 1882 1675 1923 quod

971 1931 1014 1961 ab
1041 1940 1080 1961 eo
1104 1931 1159 1962 die
1178 1931 1218 1960 ad
1243 1930 1326 1960 Idus
1342 1940 1462 1961 novem
1487 1935 1567 1962 sunt
1591 1931 1675 1962 dies.

971 1981 1125 2012 Quatuor
1137 1989 1217 2009 vero
1229 1984 1287 2009 aut
1299 1989 1358 2010 sex
1371 1990 1390 2010 a
1399 1975 1564 2011 Kalendis
1574 1990 1674 2021 prox-

971 2030 1030 2060 imi
1047 2029 1089 2060 ad
1113 2038 1170 2059 eas
1194 2030 1310 2060 Nonas
1334 2029 1383 2060 ita
1405 2029 1676 2070 spectabant,ut

972 2079 1109 2120 quintus
1120 2079 1344 2118 velseptimus
1354 2080 1528 2109 Nonarum
1539 2079 1678 2113 nomine.

972 2129 1229 2169 appellaretur3
1265 2129 1372 2159 ceteri
1403 2138 1464 2169 per
1492 2138 1673 2168 numeros;

970 2179 1029 2217 sic,
1046 2178 1141 2208 verbi
1164 2179 1286 2218 gratia,
1311 2180 1319 2195 ‘
1337 2185 1459 2219 quarto
1483 2179 1623 2220 Nonas,'
1639 2179 1673 2211 id

970 2234 1035 2268 est,
1050 2233 1129 2260 ante
1156 2230 1271 2259 Nonas
1295 2228 1585 2270 significarentur3
1607 2229 1674 2260 nisi

971 2279 1059 2319 quod
1074 2288 1244 2319 nunquam
1260 2280 1268 2294 ‘
1281 2278 1454 2318 secundo‚'
1464 2278 1525 2310 sed
1541 2279 1551 2296 ‘
1565 2278 1674 2319 pridie

973 2331 1091 2361 Nonas
1102 2329 1110 2341 '
1126 2330 1291 2369 dicerent,
1309 2331 1476 2371 siquidem
1498 2330 1674 2371 praecede-

973 2385 1038 2419 ret,
1054 2389 1119 2410 non
1136 2380 1207 2409 dies
1223 2385 1436 2421 sequeretur.

1015 2431 1124 2460 Tutela
1140 2430 1223 2469 Deo]
1253 2430 1459 2471 Hypallage,
1472 2441 1548 2472 pro,
1561 2431 1672 2463 Nonae

971 2485 1091 2511 carent
1106 2480 1216 2509 tutela
1243 2481 1323 2518 Dei,
1351 2481 1429 2520 quia
1457 2481 1566 2512 Nonis
1589 2479 1673 2512 nulli

972 2528 1195 2561 sacrificatur.

1006 2582 1047 2608 58
1056 2578 1236 2617 Pron-imus]
1247 2579 1313 2610 Qui
1324 2580 1475 2618 sequitur
1482 2580 1671 2620 Kalendas,

970 2628 1098 2666 Nonas,
1109 2632 1145 2657 et
1156 2627 1248 2657 Idus.
1267 2628 1486 2659 Postriduani
1497 2630 1574 2660 ideo
1586 2630 1676 2661 dict}

969 2682 1060 2718 sunt,
1073 2678 1129 2718 qui
1144 2682 1179 2708 et
1193 2680 1202 2694 ⁶
1218 2677 1320 2717 Ati-if
1337 2683 1438 2719 atque
1463 2681 1472 2697 ‘
1486 2679 1670 2712 Allienses’

970 2732 1111 2770 propter
1127 2726 1295 2759 infelicem
1311 2738 1459 2770 pugnarn
1485 2729 1526 2761 ad
1543 2727 1670 2762 Alliam
