1773 3121
224 225 337 270 1660
475 238 480 243 ·
708 237 751 267 P.
784 235 942 265 ovmu
976 235 1190 266 NASONIS

225 331 501 385 Purpureum
517 330 758 384 chlamydis
778 343 935 383 pennae
954 334 1126 371 traxere
1147 330 1351 371 colorem.

225 397 386 439 Fibula
408 398 525 451 quod
544 398 702 447 fuerat,
725 402 976 451 vestemque
995 398 1290 439 momorderat
1310 409 1461 438 aurum
1479 408 1492 449 3

224 464 389 505 Pluma
403 465 474 506 fit:
505 471 550 508 et
569 466 687 506 fulvo
707 466 857 507 cervix
878 466 1161 518 praecingitur
1177 478 1299 506 auro.
1587 462 1674 504 395

228 531 324 573 Nec
345 533 579 587 quicquam
597 534 763 587 antiqui
785 533 911 584 Pico,
932 534 1016 573 nisi
1036 533 1230 583 nomina,
1252 535 1401 574 restat.

541 729 660 771 FAB.
682 729 821 771 VIII.
882 728 1005 770 Socii
1025 728 1121 782 ejus
1142 729 1186 769 in
1208 726 1362 769 Feras,

226 846 326 878 Soc11
344 855 475 887 quoque
491 845 578 885 Pici,
601 846 815 887 requirentes
830 845 964 884 ducem,
981 853 1023 874 ne
1040 843 1168 875 viribus
1191 844 1224 874 in
1244 843 1380 874 noxiam
1411 841 1587 883 saevirent,
1603 850 1684 873 con-

270 898 356 929 tacti
370 898 508 928 venenis
524 897 559 927 in
576 898 689 928 varias
706 898 836 938 species
853 897 979 928 abiere.

230 984 469 1040 INTEREA
493 998 692 1049 comites,
714 999 904 1039 clamato
927 1011 1047 1051 saepe
1066 1011 1147 1052 per
1166 1011 1296 1051 agros

227 1065 538 1120 Nequicquam
561 1067 688 1116 Pico,
709 1067 914 1119 nullaque
935 1066 979 1105 in
1002 1071 1122 1118 parte
1139 1071 1325 1120 reperto,

229 1132 460 1173 Inveniunt
481 1132 656 1182 Circen,
686 1131 804 1186 (nam
819 1132 913 1185 jam
934 1135 1192 1172 tenuaverat
1213 1146 1357 1182 auraS‚

229 1198 457 1252 Passaque
479 1202 571 1240 erat
589 1200 769 1240 nebulas
789 1199 929 1239 ventis
950 1211 1003 1238 ac
1026 1199 1119 1238 sole
1140 1198 1342 1253 resolvi,)
1600 1198 1686 1241 400

229 1266 581 1319 Criminibusque
604 1269 806 1320 premunt
827 1265 955 1315 veris,
976 1278 1208 1318 regemque
1230 1269 1487 1320 reposcunt,

229 1333 422 1386 Vimque
442 1333 608 1384 ferunt3
642 1333 865 1386 saevisque
882 1337 1041 1384 parant
1062 1332 1276 1373 incessere
1293 1334 1404 1374 telis.

229 1400 313 1440 Illa
332 1413 496 1441 nocens
515 1402 678 1453 spargit
696 1400 830 1449 virus,
853 1412 1099 1453 succosque
1120 1401 1276 1441 veneni
1293 1414 1302 1441 :

229 1465 285 1506 Et
305 1466 514 1516 Noctem,
536 1467 787 1521 Noctisque
810 1466 934 1507 Deos
957 1465 1192 1520 Ereboque
1215 1466 1432 1519 Chaoque

229 1586 358 1617 colorem
370 1587 540 1617 coccineum
554 1588 723 1628 chlamydis
733 1598 743 1617 :
766 1588 844 1627 quod
858 1596 969 1617 aurum
976 1586 1088 1624 fuerat
1103 1587 1244 1625 uncinus,
1268 1589 1359 1626 atque
1383 1588 1583 1617 contraxerat
1599 1585 1692 1616 amic-

231 1633 292 1668 tus,
298 1628 344 1670 fit
357 1629 473 1669 pluma,
501 1632 532 1659 et
548 1630 655 1659 collum
680 1630 888 1659 circumdatur
908 1629 996 1668 flavo
1025 1638 1119 1658 auro.-
1141 1639 1196 1659 nec
1222 1628 1383 1667 quicquam
1407 1631 1544 1669 superest
1569 1628 1692 1669 antiqui

230 1671 320 1709 Pico,
333 1675 449 1711 proeter
462 1682 579 1702 nomen.

274 1722 354 1745 vur.
378 1713 501 1744 Interea
517 1713 652 1752 comites,
669 1714 748 1744 Pico
770 1722 849 1752 saepe
867 1715 970 1743 vocato
977 1711 1106 1749 frustra
1118 1722 1175 1752 per
1197 1721 1330 1752 campos,
1346 1722 1439 1752 neque
1453 1712 1542 1743 ullibi
1558 1712 1694 1751 invento,

231 1756 373 1787 'incidunt
400 1756 433 1786 in
462 1757 573 1787 Circen
596 1757 682 1795 (jam
705 1756 786 1786 enim
816 1758 999 1786 tenuaverat
1014 1755 1127 1793 aerem,
1141 1758 1233 1794 atque
1246 1763 1337 1795 passa
1352 1758 1419 1786 erat
1434 1755 1539 1785 nubila
1553 1755 1693 1795 dispergi

231 1799 332 1830 ventis
355 1808 391 1829 ac
414 1798 521 1837 Sole),
536 1802 630 1838 atque
652 1801 823 1837 coarguunt
849 1798 930 1828 veris
955 1796 1212 1834 accusationibus,
1234 1801 1265 1827 et
1285 1800 1428 1838 repetunt
1443 1807 1558 1836 regem,
1572 1799 1693 1838 vimque

231 1842 398 1879 intentant,
414 1844 444 1871 et
460 1842 564 1872 volunt
579 1842 699 1872 irruere
705 1840 788 1878 feris
799 1837 970 1868 hastilibus.
1017 1837 1079 1867 Illa
1093 1839 1216 1877 spargit
1224 1840 1431 1878 perniciosum
1442 1840 1529 1870 virus
1544 1843 1574 1871 et
1588 1849 1692 1871 succos

228 1886 402 1922 venenatos,
426 1887 456 1913 et
482 1883 566 1921 cogit
581 1882 757 1920 caliginem
772 1884 802 1910 et
818 1881 903 1910 Deos
919 1878 1075 1917 Caliginis
1090 1889 1129 1909 ex
1146 1880 1248 1910 Erebo
1260 1884 1290 1910 et
1306 1881 1404 1919 Chao,
1429 1885 1520 1920 atque
1541 1885 1689 1921 precatur

843 1961 939 1973 ‘aee‘
945 1961 999 1972 ‘ee
1005 1961 1079 1972 etv-‘¹

233 2020 296 2049 394
321 2017 414 2048 Unus
431 2017 525 2048 Med.
543 2017 613 2048 Fib.
629 2016 815 2057 quasuerat.
838 2017 929 2048 Dein
943 2021 1024 2048 tert.
1041 2017 1136 2047 Med.
1154 2018 1301 2047 momord.
1324 2027 1422 2053 auro‚·
1443 2017 1540 2058 cnjus
1557 2018 1591 2048 in
1605 2027 1694 2049 mar-

234 2061 312 2101 gine
328 2060 496 2100 ascriptus
519 2064 594 2091 erat
610 2069 754 2100 sequens
771 2068 897 2090 versus.
924 2060 1065 2090 Bothius
1081 2059 1136 2090 hic
1150 2059 1327 2099 legendum
1345 2064 1446 2100 putat
1469 2060 1621 2100 vestisque
1631 2070 1694 2091 mo-

232 2103 329 2134 mord.
341 2105 543 2133 oram—395
569 2102 647 2132 Pat.
663 2105 693 2132 et
716 2102 816 2133 subito
831 2104 1017 2133 cerne—396
1039 2101 1172 2141 Antiqui
1187 2102 1306 2133 Heins.
1330 2103 1461 2143 recepit
1476 2112 1518 2133 ex
1534 2108 1605 2142 opt.
1619 2103 1669 2134 Fl.
1683 2113 1691 2132 ε

235 2146 326 2185 vulg.
341 2145 523 2185 antiquum:
547 2145 591 2176 N.
609 2144 742 2175 Arund.
761 2150 795 2175 et
813 2144 933 2175 decem
959 2144 1015 2174 alii
1040 2144 1200 2175 exhibent
1224 2145 1360 2184 antiquo.
1384 2145 1496 2176 Restat
1519 2146 1622 2176 etiam
1640 2146 1693 2176 'ex

235 2188 505 2227 castigatioribus
524 2197 584 2227 pro
600 2187 690 2227 vulg.
706 2189 942 2218 restant.—398
958 2188 1053 2217 Unus
1067 2187 1183 2217 Heins.
1209 2187 1250 2217 P.
1266 2198 1318 2217 nec
1334 2188 1366 2218 in
1382 2189 1447 2218 ulla
1458 2190 1561 2228 parte.
1586 2187 1692 2220 Quin-

234 2239 300 2270 que
328 2231 429 2260 etiam
454 2230 530 2260 libri
560 2232 797 2269 recepta—399
830 2230 913 2259 Tres
938 2229 1056 2268 scripti
1088 2232 1208 2259 tenuav.
1238 2230 1362 2260 umbras
1374 2240 1387 2267 ‚·
1418 2239 1502 2260 unus
1528 2239 1694 2261 auram.—

234 2274 299 2304 400
323 2272 372 2303 Fl.
385 2273 420 2303 S.
437 2271 562 2310 Marci,
582 2273 748 2311 Bernegg.
764 2272 890 2302 Thuan.
913 2281 965 2311 pr.
984 2271 1172 2311 Hamburg.
1190 2277 1226 2302 et
1250 2273 1339 2303 Mor.
1356 2278 1390 2302 et
1407 2278 1553 2313 quatuor
1564 2272 1623 2303 alii
1636 2274 1694 2304 sol.

235 2315 380 2352 recludi,·
402 2314 493 2355 quod
519 2318 555 2344 et
580 2315 778 2345 Burmanno
804 2314 941 2354 elegans
969 2313 1172 2344 videbatur:
1198 2324 1282 2345 unus
1300 2315 1402 2346 etiam
1427 2315 1584 2351 rescindi‚·
1607 2314 1692 2346 alius

235 2356 473 2388 remitti.—401
499 2357 624 2398 Sprotii
641 2357 723 2388 Cod.
742 2359 853 2397 petunt
870 2365 931 2396 pro
944 2358 1205 2396 premunt—404
1229 2357 1390 2397 Ereboque
1416 2358 1558 2398 Chaoque
1573 2357 1694 2389 Heius.

893 2451 1031 2482 NOTAE

236 2525 351 2566 Picus,
366 2530 401 2556 at
417 2535 518 2566 supra
531 2525 666 2556 modum
677 2524 790 2556 ferox:
810 2525 935 2556 uthinc
992 2523 1182 2555 Inferorum
1200 2526 1318 2565 sedes3
1352 2526 1408 2557 ubi
1435 2526 1537 2557 etiam
1561 2526 1692 2558 Erebus

236 2585 307 2616 prae
331 2575 442 2606 studio
465 2576 583 2606 nimios
614 2585 680 2606 non
709 2584 783 2605 esse
814 2576 936 2606 decere
993 2575 1087 2605 Deus
1104 2585 1146 2605 ex
1160 2576 1252 2606 Chao
1268 2581 1303 2606 et
1318 2576 1470 2616 Caligine
1487 2581 1695 2616 procreatum

237 2634 352 2656 omues
370 2625 496 2666 possint
511 2625 713 2665 intelligere.
1036 2625 1135 2664 Chao]
1153 2626 1252 2657 Quod
1267 2626 1413 2656 omnium
1426 2634 1537 2656 rerum
1550 2624 1695 2657 confusa

280 2678 344 2706 ³99
369 2675 574 2715 Tenuaverat]
598 2676 743 2706 Coactas
768 2674 875 2705 nubes
902 2678 938 2705 et
991 2675 1109 2714 moles,
1135 2684 1177 2705 ex
1204 2684 1270 2715 qua
1296 2674 1407 2705 omnia
1433 2674 1605 2706 derivata:
1639 2676 1693 2707 vel

239 2724 418 2755 densatum
435 2725 547 2756 aeirem
564 2725 724 2756 solverat.
991 2724 1093 2755 etiam
1110 2725 1262 2755 Deorum
1275 2724 1422 2755 omnium
1434 2724 1695 2767 antiquissim11S‚

282 2776 345 2805 404
369 2774 485 2815 Erebo]
508 2775 591 2808 Quae
609 2773 870 2816 profundissima
886 2778 938 2805 est
992 2784 1035 2806 ex
1051 2784 1117 2817 quo
1133 2774 1239 2806 ceteri
1256 2774 1446 2816 propagati.
