1773 3121
230 238 342 280 1718
718 249 760 278 r».
793 247 952 278 ovmn
982 246 1197 278 NAsoms

229 342 356 393 Esse,
379 342 457 383 sed
476 342 521 383 in
540 341 686 383 varias
707 341 845 383 doceo
866 342 1051 395 migrare
1070 342 1250 395 figuras.

231 409 363 462 Ergo,
385 422 439 449 ne
459 410 601 462 pietas
622 410 680 449 sit
698 409 817 450 victa
839 409 1044 462 cupidine
1064 411 1240 459 ventris,

230 475 406 517 Parcite
426 473 686 530 (vaticinor)
705 479 916 528 cognatas
938 476 1062 517 caede
1089 475 1276 515 nefanda

229 542 477 583 Exturbare
500 543 691 582 animas:
722 556 801 583 nec
823 544 1034 594 sanguine
1053 542 1231 594 sanguis
1253 541 1404 581 alatur.

229 609 286 649 Et
304 610 508 662 quoniam
529 621 686 661 magno
706 609 818 650 feror
838 623 1032 663 aequore,
1054 609 1273 662 plenaque
1294 607 1439 648 ventis

228 675 343 716 Vela
364 676 464 716 dedi
482 689 492 726 ;
522 675 630 716 nihil
650 681 720 716 est
740 680 829 717 toto
853 677 972 730 quod
993 679 1158 728 perstet
1176 675 1220 714 in
1241 675 1359 714 orbe.

229 741 400 783 Cimcta
418 743 568 792 fluunt,
591 743 814 795 omnisque
833 755 1002 795 vagans
1023 743 1231 782 formatur
1251 741 1412 792 imago.

227 808 339 862 Ipsa
361 822 534 862 quoque
556 809 735 850 assiduo
755 810 961 850 labuntur
979 814 1174 862 tempora
1193 811 1316 848 motu

227 874 332 915 Non
354 888 479 915 secus
501 889 552 915 ac
571 876 745 915 flumen,
805 875 963 928 Neque
981 876 1094 915 enim
1115 873 1349 914 consistere
1367 872 1542 923 flumen,
1595 871 1680 915 180

228 940 325 980 Nec
346 941 458 981 levis
479 941 583 981 hora
603 944 773 992 potest:
805 941 896 989 sed,
917 945 964 981 ut
983 939 1097 980 unda
1116 939 1351 991 impellitur
1369 939 1503 989 unda,

226 1005 501 1060 Urgeturque
523 1008 641 1060 prior
662 1007 877 1056 veniente,
898 1011 1108 1060 urgetque
1129 1006 1337 1059 priorem;

225 1072 444 1126 Tempora
463 1073 528 1113 sic
548 1072 717 1125 fugiunt
737 1073 914 1126 pariter,
935 1074 1183 1126 pariterque
1205 1075 1469 1125 sequuntur:

226 1138 284 1178 Et
302 1150 418 1178 nova
439 1142 539 1179 sunt
560 1151 734 1190 semper
751 1152 760 1178 :
793 1152 893 1178 nam
915 1139 1032 1192 quod
1053 1139 1137 1179 fuit
1153 1143 1267 1188 ante,
1289 1139 1487 1180 relictum
1507 1142 1599 1180 est:

227 1203 398 1256 Fitque,
412 1204 527 1256 quod
543 1203 660 1244 haud
676 1203 840 1245 fuerat:
857 1208 1164 1258 momentaque
1180 1209 1340 1245 cuncta
1352 1208 1578 1246 novantur.
1598 1203 1682 1246 185

1593 539 1680 581 175

225 1317 279 1347 sed
304 1319 437 1348 transire
459 1318 492 1348 in
516 1318 654 1349 diversas
670 1319 806 1360 figuras.
850 1320 995 1360 Adeoque
1020 1329 1057 1350 ne
1082 1319 1182 1358 pietas
1203 1319 1245 1349 sit
1268 1321 1413 1358 superata
1434 1318 1586 1348 desiderio
1607 1316 1682 1357 alvi,

224 1358 332 1398 nolite,
363 1360 510 1398 proedico,
547 1361 654 1399 ejicere
687 1363 805 1392 animas
840 1366 988 1401 cognatas
1019 1371 1090 1391 nece
1125 1361 1299 1396 homnae,-
1341 1370 1434 1399 neque
1470 1359 1598 1398 sanguis
1625 1368 1682 1389 mc-

224 1401 342 1432 triatur
357 1403 516 1439 sanguine.
563 1404 608 1433 Et
633 1405 872 1442 quandoquidem
891 1404 983 1442 feror
1008 1407 1093 1434 vasto
1119 1403 1212 1440 mari,
1239 1406 1331 1442 utque
1351 1402 1448 1441 pandi
1471 1402 1567 1432 lintea
1587 1401 1680 1441 plena

224 1443 337 1482 ventis,
363 1443 442 1474 nihil
466 1447 510 1474 est
536 1444 569 1475 in
594 1448 657 1475 toto
683 1447 794 1476 mundo
820 1450 898 1486 quod
921 1449 1110 1486 permaneat.
1160 1444 1274 1475 Omnia
1299 1444 1454 1483 labuntur,
1478 1447 1569 1482 atque
1583 1442 1682 1473 omnis

223 1485 337 1524 species
351 1495 457 1516 errans
462 1487 613 1527 fingitur.
664 1489 735 1527 Ipsa
759 1490 853 1519 etiam
873 1493 1009 1528 tempora
1024 1488 1133 1529 fluunt
1157 1490 1240 1517 motu
1264 1486 1406 1517 continuo
1427 1485 1554 1525 perinde
1569 1484 1680 1523 ‹rcflu-

223 1536 314 1556 men:
337 1537 431 1566 neque
456 1529 538 1558 em‘m
556 1529 676 1569 flumen
702 1540 755 1560 nec
781 1531 855 1561 levis
879 1531 955 1561 horu
977 1533 1079 1571 potest
1101 1533 1207 1566 stare;
1229 1530 1281 1559 sed
1303 1526 1681 1568 quemadmodumfluclus

218 1569 363 1608 pulsatur
368 1569 482 1609 fluctu,
509 1574 538 1600 et
564 1571 651 1609 prior
671 1573 826 1610 premitur
847 1574 985 1613 sequenti
1010 1577 1100 1612 atque
1115 1571 1230 1612 premit
1252 1572 1501 1604 antecedentem5
1527 1570 1570 1599 sic
1585 1570 1680 1599 etium

224 1613 360 1650 tempora
376 1612 568 1649 dilabuutur,
583 1614 627 1642 sic
643 1614 737 1643 etiam
748 1619 936 1653 sequanina-‚-
957 1618 985 1645 et
998 1624 1116 1653 semper
1127 1617 1199 1644 sunt
1208 1623 1297 1643 nova.
1322 1612 1407 1642 Num
1421 1613 1500 1651 quod
1508 1611 1578 1648 fuit
1588 1614 1680 1641 antea

224 1655 269 1683 est
283 1654 436 1693 omissum,
453 1657 483 1684 et
498 1654 598 1684 oritur
613 1656 691 1694 quod
707 1665 765 1685 non
781 1656 891 1693 fuerat
905 1668 916 1692 ;
939 1660 969 1687 et
985 1656 1087 1686 omnia
1103 1658 1253 1686 momenta
1267 1657 1431 1685 uocantur.
1481 1654 1573 1685 Vides
1584 1653 1680 1684 etiam

224 1768 316 1808 vulg.
339 1768 644 1805 formam...eundem.
680 1770 776 1800 Unus
806 1771 927 1802 Heius.
957 1771 1036 1800 celat
1064 1771 1257 1800 easd.-l'13
1281 1770 1379 1800 Voss.
1408 1769 1451 1799 sit
1466 1772 1550 1800 mota
1564 1779 1678 1809 cup.—

223 1812 285 1840 175
309 1811 458 1842 Berolin.
487 1821 522 1841 ne
551 1821 611 1851 pro
637 1815 811 1843 neca—177
838 1813 932 1843 Idem
957 1813 1037 1842 nihil
1060 1816 1123 1842 toto
1138 1814 1376 1851 perstet—178
1399 1810 1570 1851 Bernegg.
1597 1821 1679 1850 vaga

223 1852 277 1882 vel
304 1862 381 1891 vage
410 1863 471 1893 pro
498 1863 623 1892 vagans.
648 1855 763 1884 Burm.
781 1855 872 1893 conj.
894 1854 1052 1892 amnisque
1065 1855 1137 1892 vagi
1159 1853 1314 1891 formetur
1340 1854 1394 1884 vel
1419 1858 1558 1884 versatur
1579 1853 1678 1892 imag.

223 1897 329 1925 —179
353 1895 495 1925 Plurimi
524 1900 608 1925 vett.
638 1905 698 1926 ass.
725 1897 888 1925 volvuntur
914 1898 1113 1934 temp.—-181
1140 1894 1271 1925 Ciofan.
1303 1899 1338 1925 et
1370 1895 1490 1925 Heius.
1518 1895 1681 1934 probant,

224 1936 313 1976 quod
345 1937 494 1966 nonnulli
527 1937 654 1966 habent
685 1938 761 1967 und.
787 1937 949 1976 repellitur
978 1937 1159 1967 und.—182
1183 1937 1274 1966 Olim
1305 1936 1472 1966 edebatur
1507 1937 1677 1976 Urgeturq.

223 1978 328 2006 eadem
355 1977 496 2007 veniens.-
517 1979 604 2016 prz'or
629 1980 768 2008 veniente
792 1979 912 2009 Heins.
938 1977 1069 2018 profert
1086 1988 1127 2008 ex
1154 1979 1284 2008 Thuan.
1310 1978 1339 2008 Ι.
1366 1988 1416 2016 pr.
1435 1978 1678 2017 Hamburg.et

222 2018 311 2049 Mor.
327 2028 411 2048 unus
427 2019 555 2049 Bonon.
571 2020 673 2049 eadem
689 2020 834 2050 veniente.
858 2021 951 2050 Unus
967 2020 1060 2050 Med.
1079 2020 1223 2050 venienti.
1248 2020 1339 2051 Dein
1357 2021 1400 2051 N.
1413 2024 1532 2059 urgetq.
1551 2029 1678 2059 sequen-

223 2063 404 2091 tem—184
428 2061 467 2091 In
484 2061 632 2092 Berolin.
656 2062 766 2093 omiss.
779 2065 941 2093 est.—185
966 2063 1043 2093 Bas.
1059 2064 1137 2103 quod
1152 2065 1222 2093 ante
1241 2061 1330 2100 suit:
1353 2064 1552 2093 mom.—186
1574 2062 1677 2102 Vulg.

872 2160 902 2190 N
909 2159 1009 2190 OTAE

223 2228 277 2255 tus
295 2233 352 2255 seu
369 2224 508 2263 animas,
523 2236 596 2266 quae
611 2227 818 2258 individuam
830 2238 920 2259 suam

221 2273 363 2304 formam
390 2275 527 2314 habent,
554 2280 611 2306 aut
637 2276 753 2307 formae
778 2283 867 2317 sunt,
895 2278 921 2308 si

977 2233 1078 2269 atque
1095 2228 1315 2259 abditissimis
1334 2229 1477 2260 Naturae
1505 2229 1677 2269 mysteriis

976 2287 1084 2308 sermo
1100 2278 1231 2309 incidit.

224 2323 424 2363 transfera-·,
441 2325 581 2356 ridicula
596 2330 658 2357 est.
700 2327 791 2357 Nihil
807 2328 921 2358 obstat

223 2372 303 2413 quin
319 2373 396 2403 huic
412 2379 469 2404 aut
493 2374 538 2403 illi
556 2376 659 2405 menti
681 2376 742 2405 hoe
764 2381 822 2406 aut
840 2377 920 2407 illud

223 2431 360 2462 corpus,
373 2423 507 2453 brutum
519 2424 633 2463 etiam,
646 2426 839 2465 agitandum
856 2432 919 2457 tra·

222 2472 343 2503 datur:
383 2479 417 2503 at
450 2483 574 2514 eorpus
608 2476 689 2505 illud
723 2486 786 2505 non
819 2477 922 2508 fuerit

222 2522 339 2561 menti,
368 2524 455 2563 qnod
473 2523 580 2563 figura
609 2532 657 2553 esi
684 2535 784 2563 eerae,
813 2537 921 2565 neque

222 2582 338 2613 parem
367 2574 523 2604 habuerit
560 2575 734 2605 rationem.
798 2578 920 2615 Cogita

221 2621 333 2653 modo.
376 2622 462 2661 lpsae
491 2624 728 2664 cogitationes,
750 2632 806 2656 aut
829 2627 919 2656 modi

223 2671 408 2712 cogitandi,
430 2674 532 2703 menti
555 2673 637 2704 illud
665 2680 741 2705 suut
768 2676 856 2715 quod
884 2675 919 2705 fi«

223 2730 306 2764 gura
320 2726 370 2752 est
387 2731 486 2753 cerae.

268 2774 329 2807 1⁷6
351 2773 505 2815 AEquore]
538 2773 580 2804 Id
605 2779 668 2816 est,
697 2775 739 2807 de
765 2776 918 2806 maximis

1020 2330 1077 2357 177
1108 2328 1196 2358 Nihil
1219 2328 1280 2367 est]
1305 2328 1403 2359 Istud
1430 2327 1548 2360 falsum
1565 2329 1676 2370 prima

975 2375 1089 2407 fronte
1104 2377 1223 2416 visum,
1235 2378 1324 2418 quod
1339 2388 1374 2408 re
1387 2379 1576 2409 accuratius
1594 2388 1676 2419 pen-

976 2427 1117 2456 sicul-ata
1128 2426 1338 2457 verissimum
1350 2427 1598 2468 deprehensum
1612 2433 1677 2460 est.

1019 2479 1080 2506 179
1097 2475 1264 2515 Tempora]
1280 2478 1367 2507 Nihil
1380 2477 1471 2508 aliud
1484 2485 1561 2508 sunt
1575 2488 1675 2519 quam

976 2535 1029 2556 res
1046 2526 1138 2565 ipsae,
1156 2531 1213 2555 aut
1239 2535 1352 2555 earum
1375 2526 1465 2557 inter
1481 2536 1516 2557 se
1532 2527 1676 2558 durandi

976 2575 1144 2614 spatium3
1173 2584 1316 2611 cumque
1327 2574 1396 2614 jam
1414 2575 1457 2605 de
1473 2576 1513 2604 iis
1531 2577 1676 2607 mentio-

975 2635 1050 2655 nem
1076 2623 1198 2654 fecerit
1230 2623 1350 2662 Poeta,
1376 2624 1449 2654 haec
1473 2625 1577 2664 magis
1601 2635 1674 2657 ora-

976 2674 1073 2712 torie,
1103 2683 1201 2714 quam
1231 2672 1350 2712 ⁴solide,
1381 2673 1422 2703 ad
1455 2675 1673 2706 astruendam

975 2724 1158 2755 animarum
1192 2723 1534 2763 transmigrationem,
1561 2723 1673 2765 profe-

973 2779 1112 2806 runtur:
1129 2783 1319 2815 quanquam
1334 2774 1367 2805 in
1379 2783 1414 2805 se
1429 2774 1572 2816 pulchra
1580 2780 1672 2809 suut.
