1773 3121
207 202 322 244 1752

209 306 415 361 Impedit.

696 213 738 245 P.
770 213 929 243 0v1D11
961 211 1175 244 NASONIS

472 307 546 349 Ah
566 309 740 363 quoties
762 309 982 363 Nymphae
1004 310 1277 362 nemorisque
1295 309 1521 363 lacusque,
1570 308 1658 350 490

211 375 283 416 Ne
303 375 477 424 faceret,
497 389 728 427 monuere;
760 381 801 417 et
822 377 1101 418 consolantia
1122 377 1252 417 verba

210 442 403 484 Dixere!
437 443 487 482 ah
509 445 680 495 quoties
702 444 820 484 flenti
840 444 1053 484 Theseius
1073 443 1219 492 heros,

210 509 324 549 Siste
345 509 534 558 modum,
556 510 691 551 dixit:
722 523 864 563 neque
885 511 996 550 enim
1016 510 1189 550 fortuna
1209 508 1431 562 querenda

211 575 316 615 Sola
335 579 413 616 tua
428 581 520 617 est:
551 578 714 618 similes
736 578 917 619 aliorum
938 578 1104 631 respice
1125 589 1274 625 casus,

211 640 367 682 Mitius
387 642 475 683 ista
495 643 632 685 feres:
664 646 919 698 utinamque
937 645 1142 698 exempla
1162 644 1389 692 dolentem,

1571 640 1659 683 495

211 707 315 749 Non
336 723 433 751 mea
452 716 492 751 te
514 716 695 764 possent
711 712 926 755 relevare!
959 712 1036 753 sed
1057 716 1100 753 et
1118 724 1216 752 mea
1236 712 1436 764 possunt.

207 865 308 896 obstat
322 866 419 896 sacris
434 866 550 896 Dianae
567 867 852 907 Orestaeoefletibus
866 870 896 897 et
911 867 1115 907 querimoniis.
1159 867 1212 898 Ah
1232 867 1347 906 quoties
1360 866 1502 907 nympha.²
1516 866 1609 906 sylvae
1625 869 1657 897 et

209 910 291 938 lacus
304 908 434 938 hortata?
448 912 518 938 sunt
535 918 571 938 ne
579 908 712 947 faceret,
727 913 757 938 et
779 909 877 939 verbis
890 910 1050 939 consolatae
1064 911 1135 939 sunt
1145 908 1160 939 Ι
1203 909 1255 939 Ah
1269 909 1386 948 quoties
1400 909 1488 939 heros
1511 908 1656 939 Theseius

206 951 365 980 admonuit
379 951 599 989 lacrymantem
616 954 651 980 nt
666 951 939 987 moclumfaceret;
962 952 1067 990 Neque
1085 950 1176 988 enim,
1206 950 1331 989 aiebat,
1353 960 1419 981 sors
1443 954 1498 981 tua
1521 951 1586 980 sola
1612 952 1660 980 est

207 992 352 1023 dolenda.-
376 994 445 1022 vide
471 993 582 1022 damna
607 993 739 1023 aliorum
768 1002 826 1023 non
852 994 991 1023 minora.-
1012 993 1158 1023 tolerabis
1185 993 1247 1023 ista
1271 994 1390 1024 lenius.-
1415 996 1505 1033 atque
1536 993 1656 1023 utinam

208 1035 347 1075 exempla
358 1045 416 1066 non
428 1044 494 1065 mea
506 1039 627 1075 possent
642 1035 700 1065 tibi
710 1036 820 1066 solatio
834 1045 910 1075 esse,
926 1045 1029 1066 verum
1042 1045 1116 1066 meoe
1134 1035 1229 1066 etiam
1240 1038 1379 1076 possunt.

812 1140 1046 1153 ‘eoemeeoe

210 1217 269 1244 aut
283 1213 375 1244 simul
383 1225 393 1245 .·

435 1214 552 1245 Burm.
577 1215 666 1255 conj.
698 1214 876 1255 Deflevere:
911 1215 1023 1245 Numae
1044 1217 1233 1246 num.-—490
1257 1214 1358 1245 Cant.
1386 1214 1538 1254 Impetit:
1559 1214 1655 1245 ah.—

208 1259 271 1287 492
294 1257 396 1296 Vulg.
420 1257 602 1287 Dixerunt!
624 1260 707 1297 quot.
724 1267 766 1287 ex
784 1257 887 1287 Barb.
904 1257 1075 1297 quihabet
1090 1256 1273 1288 Dixet‘unt!
1298 1257 1338 1287 αΙι
1351 1260 1434 1297 quot.
1460 1256 1578 1287 Heius.
1603 1266 1657 1287 re-

209 1298 302 1338 cepit
319 1298 465 1329 Dixere!
488 1300 538 1329 ah.
585 1300 665 1329 Mox
693 1309 776 1330 unus
803 1300 899 1330 Voss.
915 1299 1030 1340 flendi,
1047 1300 1215 1339 probante
1232 1299 1460 1329 Heius—403
1484 1298 1568 1329 Siste
1592 1308 1657 1329 mo-

209 1342 280 1370 ‹Ium
296 1340 453 1380 displicet
469 1342 587 1372 Heius.
604 1342 659 1381 qui
682 1343 771 1382 conj.
802 1341 853 1372 Sit
878 1343 982 1371 modus
996 1352 1025 1380 o,
1040 1342 1108 1373 dix.
1147 1351 1222 1372 narn
1239 1341 1424 1371 Zulichem.
1449 1340 1533 1370 Siste
1547 1342 1658 1377 modo,-

210 1388 244 1412 et
260 1383 322 1413 hoc
350 1384 490 1413 Bothins
515 1383 729 1414 retinendum
754 1389 864 1424 putat,
886 1383 984 1414 modo
1010 1385 1043 1414 in
1071 1384 1218 1423 praeced.
1243 1393 1293 1413 vs-
1319 1382 1442 1422 legeris
1456 1382 1572 1422 fletum
1594 1391 1658 1422 pro

210 1424 314 1464 flendi,
332 1426 420 1462 quod
437 1426 498 1456 sibi
514 1426 745 1464 placen—494
770 1427 826 1457 Pr.
848 1427 937 1456 Mor.
961 1431 997 1456 et
1021 1426 1087 1456 duo
1106 1426 1161 1456 alii
1177 1425 1236 1456 tibi
1252 1434 1314 1465 pro
1331 1427 1395 1456 tua.
1439 1425 1535 1455 Unus
1552 1424 1655 1455 etiam

209 1466 298 1498 Mor.
313 1467 454 1499 aliarum.
497 1469 576 1499 Duo
592 1467 715 1499 deinde
731 1468 808 1499 libri
819 1466 1078 1509 prospice—496
1100 1468 1250 1499 Berolin.
1274 1468 1366 1498 Nunc
1389 1476 1450 1508 pro
1468 1466 1541 1497 Non
1557 1466 1656 1498 Voss.

864 1574 1004 1607 NOTAE

209 1662 299 1689 esset
312 1658 421 1689 Furiis
433 1659 592 1700 agitatus,
616 1664 720 1701 atque
742 1660 905 1701 expiandi

210 1709 347 1740 sceleris
371 1719 473 1740 causa
489 1711 602 1750 jussus
635 1716 726 1742 esset
749 1711 839 1741 inter
854 1720 908 1741 ce-

211 1766 286 1790 tera
309 1760 431 1791 Dianae
456 1761 672 1792 simulacrum
699 1771 741 1791 ex
768 1761 909 1791 Cherso-

210 1819 290 1840 neso
307 1808 440 1848 efferre,
455 1810 534 1841 illuc
551 1820 627 1841 curn
652 1810 786 1851 Pylade
803 1810 910 1841 amico

210 1859 397 1900 profectus,
421 1864 523 1900 atque
549 1871 568 1891 a
592 1870 706 1891 sorore
727 1859 909 1899 Iphigenia

210 1910 389 1941 sacerdote
407 1911 551 1949 agnitus,
564 1915 695 1941 tantum
712 1919 777 1939 non
794 1910 908 1939 immo-

208 1960 298 1990 latus
311 1960 394 1990 clam
409 1969 486 1989 cum
503 1969 553 1996 ea,
568 1959 700 1989 sublato
717 1959 910 1997 simulacro,

208 2019 244 2039 se
274 2009 417 2048 recepit.
461 2008 609 2040 Quidam
640 2008 818 2047 MycenaS,
851 2007 907 2037 alii

209 2058 372 2096 Athenas,
386 2061 651 2097 transportatum
668 2057 752 2087 illud
777 2056 910 2089 volunt.

210 2108 346 2139 Fabulae
363 2118 372 2145 ;
397 2117 478 2147 quas
495 2107 536 2137 ad
553 2106 790 2146 intelligendos
805 2106 908 2135 bonos

211 2162 378 2195 auctores,
407 2165 474 2186 non
498 2155 641 2186 ulterius
668 2165 752 2196 opus
775 2160 828 2186 est
853 2165 909 2185 ex-

211 2207 356 2248 quirere.

251 2259 312 2287 491
341 2255 484 2296 Faceret]
525 2254 641 2286 Effuse
676 2255 708 2286 in
738 2254 838 2286 fletus
872 2265 907 2286 se

211 2307 319 2338 daret.

253 2360 315 2389 492
351 2354 508 2394 Theseius]
548 2355 759 2396 Hippolytus
786 2355 907 2386 Thesei

211 2408 309 2444 tilius,
326 2416 425 2448 quem
442 2406 474 2436 in
501 2406 726 2445 superioribus
751 2415 905 2436 novercae

209 2456 349 2494 insidiis,
376 2466 394 2486 a
421 2455 536 2496 phocis
562 2456 687 2486 territis
710 2456 817 2496 equis,
842 2457 905 2486 dis-

211 2512 367 2546 cerptum
408 2505 563 2535 vidimus.
629 2505 757 2536 Iudicis
791 2511 904 2536 autem

212 2555 374 2587 beneficio
390 2555 584 2586 facillimum
604 2560 655 2585 est
677 2555 808 2594 singula
824 2555 902 2585 inde

213 2611 388 2646 repetere3
424 2605 619 2645 frustraque
658 2605 748 2635 circa
786 2605 905 2635 eadem

211 2659 321 2688 oleum
351 2660 453 2697 atque
475 2665 615 2696 operam
646 2655 906 2687 absumeremus.

959 1660 1109 1700 Tempus
1138 1658 1286 1690 omnium
1316 1658 1371 1690 res
1400 1660 1452 1689 est
1481 1655 1659 1698 pretiosis-

960 1710 1060 1740 sima:
1085 1719 1195 1750 neque
1210 1714 1246 1739 et
1261 1718 1322 1739 nos
1334 1709 1367 1739 in
1384 1708 1440 1739 illo
1456 1717 1529 1738 esse
1551 1707 1660 1737 minus

960 1759 1119 1800 providos
1137 1758 1440 1798 admonere-piget,
1456 1761 1493 1788 ut
1508 1757 1559 1788 sui
1568 1765 1661 1787 max-

961 1810 1060 1840 imam
1090 1809 1216 1840 habere
1249 1808 1415 1839 rationem
1444 1806 1660 1843 condiscant,

962 1869 1089 1899 suaque
1102 1859 1213 1889 omnia
1228 1858 1389 1899 expedite
1405 1862 1441 1888 et
1457 1866 1518 1898 per
1531 1855 1661 1897 paucis-

962 1909 1044 1939 sima
1055 1908 1189 1948 exequi.

1004 1961 1066 1989 494
1091 1957 1229 1996 Similes]
1257 1956 1360 1997 Apud
1381 1954 1608 1994 ineptissimos
1624 1959 1661 1985 et

962 2009 1048 2038 male
1065 2017 1160 2038 sanos
1187 2007 1300 2037 valere
1318 2009 1434 2046 potest
1459 2014 1500 2036 ea
1524 2004 1610 2035 ratio
1627 2004 1660 2035 in

963 2056 1120 2087 aerumnis
1135 2056 1216 2094 suis,
1231 2055 1320 2096 quod
1337 2054 1497 2095 plurimos
1513 2053 1662 2084 habeant

963 2107 1091 2137 socios:
1130 2105 1275 2136 cordatis
1313 2104 1391 2135 viris
1429 2104 1581 2135 cumulus
1608 2106 1662 2134 est

963 2156 1098 2187 doloris.
1128 2155 1242 2196 Atque
1255 2154 1340 2185 adeo
1353 2163 1444 2194 aegre
1457 2153 1660 2185 crediderim

962 2206 1106 2237 Poetam
1127 2205 1160 2236 in
1178 2215 1254 2236 eum
1271 2214 1420 2236 errorem
1435 2203 1607 2242 incidisse,
1622 2208 1661 2234 ut

964 2257 1152 2296 Nympham
1170 2265 1212 2286 ex
1235 2255 1375 2286 aliorum
1393 2254 1489 2285 malis
1504 2254 1659 2285 solatium

961 2307 1023 2337 sibi
1037 2316 1189 2348 quaerere
1213 2305 1369 2337 voluerit.
1422 2305 1499 2335 Huc
1526 2308 1658 2335 tantum

962 2361 1098 2397 spectat
1112 2357 1183 2397 ejus
1199 2356 1320 2394 oratio,
1341 2359 1380 2386 ut
1405 2355 1578 2386 aestimatis
1595 2354 1659 2385 illis

961 2411 1019 2437 aut
1054 2406 1154 2437 etiam
1186 2405 1369 2445 majoribus
1399 2405 1522 2446 quibus
1551 2404 1659 2435 ceteri

960 2457 1074 2486 vexati
1090 2459 1180 2493 suut,
1205 2455 1261 2495 qui
1289 2458 1403 2485 tamen
1426 2464 1524 2495 aequo
1547 2453 1657 2485 animo

959 2516 999 2537 ea
1024 2507 1267 2542 toleraverunt,
1285 2503 1444 2542 Nympha
1461 2503 1535 2542 pari
1555 2503 1658 2534 animi

958 2555 1161 2587 fortitudine
1176 2564 1248 2595 sua,
1265 2553 1390 2584 minora
1405 2552 1506 2594 forte,
1518 2561 1655 2594 supera·

961 2611 1024 2637 ret.
