1773 3121
494 211 966 245 METAMORPHOSEON
1000 211 1095 242 Lm.
1129 210 1235 243 mv.
1481 203 1594 245 1655

140 310 349 359 Numina,
371 307 595 356 Naiades;
628 318 740 359 quas
759 304 938 355 Albula,
959 318 1161 360 quasque
1183 305 1379 356 Numici,

138 377 346 430 Quasque
365 374 547 415 Anienis
567 387 712 427 aquae,
734 386 953 426 cursuque
972 373 1267 415 brevissimus
1288 372 1438 422 Almo,

139 444 320 497 Narque
342 442 440 483 tulit
459 454 676 495 praecepS‚
698 445 742 481 et
763 453 952 482 amoenae
973 439 1179 481 Farfarus
1199 441 1384 489 umbrae,

139 510 342 563 Quaeque
361 509 515 549 colunt
534 508 758 562 Scythicae
780 520 963 560 regnum
984 507 1207 548 nemorale
1226 507 1402 557 Dianae,

138 577 457 630 Finitimosque
478 576 618 617 lacus.
682 575 853 628 Spretis
874 579 1020 616 tamen
1041 575 1244 616 omnibus
1265 587 1395 615 unam

137 643 216 684 Ille
235 642 355 684 fovet
375 642 628 697 Nymphen,
651 656 782 696 quam
806 643 1027 696 quondam
1045 643 1090 683 in
1112 642 1222 683 colle
1245 640 1396 682 Palati

137 711 313 753 Dicitur
331 711 512 765 ancipiti
529 711 754 764 peperisse
774 709 956 751 Venilia
976 709 1007 751 J
1010 722 1109 751 ano.

1509 439 1594 480 330

135 852 211 892 bris,
231 856 262 884 et
277 863 352 893 quas
365 863 451 894 uquoe
468 853 608 891 Numici,
623 856 653 884 et
680 863 758 894 quas
784 862 880 894 aquae
906 852 1048 888 Anienis,
1075 853 1105 882 et
1133 850 1224 881 Almo
1239 847 1435 880 brevissimus
1449 856 1552 886 cursu,
1567 852 1599 877 et

137 896 208 926 Nar
221 896 300 927 celer
315 896 437 935 habuit,
452 899 480 927 et
500 895 651 935 Farfarus
676 899 780 936 grata»
805 896 934 935 umbroe,
950 899 982 926 et
997 904 1065 935 quae
1073 893 1278 933 frequentant
1291 900 1424 930 regnum
1445 891 1598 921 nemorale

137 938 252 969 Dianae
274 937 441 978 Scythice,
466 941 497 968 et
518 942 631 978 stagna
641 939 798 979 proxima,
812 938 899 969 illum
914 936 1087 977 cupiebant.
1133 935 1190 966 Ille
1214 937 1329 972 tamen,
1345 932 1506 964 contemtis
1520 936 1598 963 cete-

134 981 190 1021 ris,
206 984 291 1012 amat
307 991 397 1012 unam
415 981 604 1021 Nympham,
619 991 709 1021 quam
727 980 847 1012 Venilia
863 980 982 1010 dicitur
995 977 1148 1020 peperisse
1163 977 1235 1008 olim
1244 977 1328 1007 Juno
1344 975 1432 1006 Ionio
1447 975 1480 1006 in
1495 979 1598 1006 monte

753 1069 984 1083 emm

136 1131 292 1162 colebant:
329 1141 415 1163 unus
445 1131 539 1162 Leid.
561 1131 697 1169 suntuna
726 1130 988 1161 bibebam—328
1022 1129 1118 1159 Unus
1148 1129 1280 1158 Bonon.
1316 1136 1448 1167 quasque
1476 1126 1596 1157 Alb.—

137 1176 200 1205 329
214 1174 358 1214 Quasque
373 1178 425 1205 est
439 1183 482 1205 ex
495 1173 615 1205 codem
627 1174 757 1204 Bonon.
804 1173 894 1212 vulg.
913 1171 1000 1206 Quas
1010 1171 1125 1202 omiss.
1139 1170 1281 1211 copula:
1308 1169 1479 1200 Priscian.
1496 1168 1601 1199 habet

135 1218 202 1248 Aut
216 1218 277 1247 Aa.
302 1216 385 1257 Opt.
417 1216 465 1248 Fl.
489 1225 626 1255 cursu-eq.
650 1215 778 1246 breviss.
804 1214 924 1245 Heius.
952 1214 1042 1254 conj.
1069 1223 1219 1253 cursumq.
1249 1217 1283 1243 ut
1311 1211 1355 1243 sit
1380 1211 1598 1243 Graecismus.

138 1258 230 1290 Leid.
248 1268 331 1289 unus
346 1260 580 1290 Almam—330
603 1258 755 1289 Berolin.
776 1258 950 1290 Nar-temet
973 1266 1097 1297 opacae:
1119 1256 1210 1295 vulg.
1227 1255 1328 1286 etiam
1346 1253 1512 1285 edebatur
1527 1263 1599 1294 opa-

135 1311 200 1333 coe:
223 1306 258 1332 at
273 1311 399 1332 amoenoe
413 1301 552 1332 Servius
581 1300 684 1333 habet
709 1302 749 1332 ad
767 1300 923 1331 IEn.vu.
950 1302 1023 1330 715.
1048 1298 1139 1330 unde
1167 1298 1287 1330 Heius.
1315 1297 1462 1337 recepit.
1507 1296 1598 1327 Dein

135 1344 251 1375 umbroe
267 1343 364 1375 dedit
381 1344 470 1375 idem
494 1353 535 1375 ex
564 1349 636 1384 opt.
666 1344 716 1374 ΡΙ.
747 1344 917 1382 Beruegg.
948 1346 982 1372 et
997 1346 1074 1373 octo
1093 1341 1188 1379 aliis;
1210 1341 1299 1380 vulg.
1323 1341 1531 1371 undem—331
1558 1339 1599 1369 In

136 1396 203 1417 uno
224 1386 354 1418 Ciot'an.
379 1386 522 1427 Quasque
536 1389 640 1417 tenent
650 1386 685 1418 S.
732 1385 893 1417 Nonnulli
910 1385 1011 1416 etiam
1025 1384 1175 1425 Scythiae.
1216 1384 1358 1421 Regnum
1371 1392 1412 1413 ex
1429 1383 1599 1422 Bernegg.

138 1429 256 1460 Heius.
275 1429 406 1469 recepit
427 1439 489 1470 pro
514 1429 604 1468 vulg.
627 1431 891 1469 uagatum—333
919 1427 1016 1458 Far-et
1041 1437 1103 1468 pro
1117 1426 1207 1464 sot-et
1234 1426 1362 1456 habent
1387 1434 1472 1455 unus
1491 1423 1598 1455 Gron.

136 1481 221 1502 unus
245 1472 325 1505 Jun.
351 1478 387 1503 et
413 1473 516 1511 alius3
540 1472 661 1511 ceteri,
691 1472 776 1502 colit.
810 1471 959 1502 Berolin.
984 1470 1282 1511 nympham—334
1308 1468 1485 1507 Nonnulli,
1511 1466 1599 1497 Ionio

138 1515 232 1545 Jano.
270 1515 390 1546 Heius.
421 1515 509 1556 conj.
556 1514 631 1545 Inoo
661 1515 770 1552 Jano;
793 1514 918 1547 Jauum
947 1513 1035 1544 enim
1057 1522 1117 1554 pro
1147 1511 1345 1543 Palaemone
1375 1510 1447 1542 sive
1478 1510 1601 1540 Portu-

797 1620 942 1652 NOTAE

179 1710 243 1739 328
267 1706 396 1746 Albula]
429 1706 550 1747 Tybris
576 1709 640 1745 est,
666 1706 722 1746 qui
750 1705 841 1745 prius
898 1705 905 1721 ‘
925 1704 998 1735 Rex
1016 1702 1207 1734 nemoralis'
1231 1706 1290 1733 aut
1308 1701 1317 1718 ‘
1336 1698 1557 1732 nemorensis'
1581 1710 1601 1731 a

137 1758 180 1789 ab
196 1767 291 1799 aqua:
310 1758 421 1788 colore
436 1767 475 1787 eo
489 1757 622 1787 nomine
641 1756 840 1796 appellatus.

185 1807 330 1847 Numici]
347 1807 484 1838 Flavius
500 1812 551 1836 est
567 1805 743 1836 Laurentis
759 1805 843 1845 agri,

137 1859 171 1889 in
187 1866 285 1898 quem
304 1857 428 1887 AEnean
444 1854 608 1885 cecidisse
625 1853 747 1884 ferunt.

179 1908 244 1937 329
267 1904 414 1943 Anienis]
438 1903 524 1934 Anio
546 1901 666 1934 fluvius
683 1908 734 1934 est
754 1902 841 1933 Latii

137 1965 204 1987 non
233 1955 333 1995 longe
362 1953 403 1984 ab
431 1953 514 1984 urbe
541 1953 574 1983 iu
599 1953 760 1993 Tyberim
786 1953 841 1983 de-

137 2004 259 2038 fluens.

182 2054 290 2095 Almo]
314 2054 382 2086 Hic
405 2053 508 2084 etiam
531 2054 620 2084 rivus
636 2053 725 2083 haud
742 2054 841 2094 longe

139 2105 182 2137 ab
198 2104 280 2136 urbe
299 2104 404 2136 Roma
417 2103 578 2144 Tyberim
596 2103 797 2144 ingreditur.

181 2158 244 2187 ³30
268 2154 353 2195 Nar]
377 2153 527 2185 Umbria:
543 2153 596 2185 luc
613 2158 665 2184 est
683 2153 717 2184 in
732 2153 842 2194 Tybe-

138 2205 199 2238 rim
216 2214 350 2247 quoque
366 2205 496 2236 labeus.

182 2255 350 2297 Farfarus]
380 2256 582 2286 Sabinorum
606 2260 670 2294 cst,
693 2255 750 2296 qui
781 2265 841 2295 per

140 2307 245 2338 valles
271 2312 432 2344 stagnans
457 2305 546 2345 ripas
569 2305 673 2336 habet
690 2305 842 2345 plurimis

139 2357 317 2389 arboribus
343 2356 503 2396 consitas,
518 2366 536 2386 a
553 2356 675 2398 quibus
702 2366 840 2386 amoeuae

140 2407 281 2439 umbra‘.

182 2461 241 2490 ³³1
268 2457 437 2498 Scythice]
472 2457 511 2488 In
528 2457 737 2488 Chersoneso
753 2456 841 2487 'l'au-

140 2508 210 2540 rica
226 2509 388 2547 sanguim·
408 2513 600 2538 exterorum
618 2508 672 2548 qui
689 2507 768 2537 illuc
784 2517 842 2547 ap-

139 2558 310 2599 pellebant
336 2558 514 2589 colebatur
545 2558 673 2596 Diana;
698 2568 771 2598 quae
799 2557 842 2588 ab

141 2607 278 2645 Oreste,
292 2614 325 2637 ut
342 2608 540 2648 quibusdam
556 2608 842 2648 placet‚Ariciam

144 2656 230 2687 lanii
241 2658 402 2698 oppidum
417 2658 650 2698 oraculi—jussu
669 2659 845 2698 translata,

146 2709 241 2737 unta
258 2707 303 2737 ibi
326 2718 391 2738 nou
420 2709 513 2738 culta
529 2708 592 2740 t'uit
620 2709 843 2740 immanitate.

145 2754 268 2788 servu·
297 2762 427 2789 tantum
452 2759 573 2800 aliquis
599 2758 777 2799 fugitivus,
789 2759 844 2800 qui

897 1764 1036 1785 nemore
1054 1754 1183 1793 templo
1212 1753 1382 1794 adjacenti
1409 1751 1600 1789 dicebatur,

896 1805 1086 1835 sacerdotio
1113 1803 1335 1844 fungebatur,
1363 1801 1420 1843 qui
1456 1800 1498 1832 ab
1534 1800 1600 1832 alio

897 1852 1040 1893 fugitivo
1058 1859 1260 1893 provocatus
1278 1852 1319 1883 ad
1337 1857 1526 1890 certamen,
1542 1855 1602 1881 aut

897 1903 968 1943 ipse
991 1902 1219 1942 mactabatur,
1236 1907 1293 1932 aut
1315 1901 1406 1931 illum
1420 1900 1601 1940 jugulabat

897 1954 953 1995 qui
971 1963 1075 1993 regno
1086 1962 1145 1983 suo
1163 1951 1348 1983 succedere
1363 1951 1530 1991 cupierat.

940 2007 1001 2035 ³33
1043 2003 1166 2044 Palati]
1205 2001 1378 2033 Palatium
1408 2009 1503 2032 mons
1537 1998 1601 2031 fuit

898 2065 982 2085 unius
998 2064 1039 2086 ex
1055 2059 1186 2095 septem
1214 2053 1331 2084 Romae
1353 2052 1497 2083 maxime
1523 2061 1603 2082 con-

897 2105 1041 2146 spicuis;
1067 2104 1122 2135 ubi
1139 2103 1315 2143 Augustus
1328 2102 1480 2143 Apollini
1493 2101 1601 2133 aedem

898 2155 1086 2197 porticibus
1111 2159 1147 2185 et
1177 2154 1391 2185 Bibliotheca
1419 2151 1603 2183 celeberri-

899 2216 985 2236 mam
1002 2205 1174 2237 excitavit.

941 2258 1003 2286 334
1028 2253 1188 2295 Ancipiti]
1213 2253 1376 2285 Plurima*
1395 2253 1483 2284 Edd.
1500 2252 1603 2283 Ionio:

897 2316 973 2337 nam
1008 2305 1130 2343 Janun,
1163 2305 1219 2345 qui
1254 2304 1509 2344 antiquissimus
1540 2312 1601 2334 rex

896 2355 961 2387 fuit
988 2356 1113 2393 ltaliae,
1139 2360 1242 2395 atque
1276 2354 1364 2384 idem
1410 2353 1601 2393 prudentis·

900 2408 1016 2446 sinnas,
1049 2407 1124 2438 ideo
1171 2406 1284 2438 Ionius
1329 2405 1468 2445 divitur,
1515 2403 1602 2446 quod

898 2458 1115 2497 l’errhaebus,
1143 2463 1245 2498 atque
1276 2457 1361 2487 adeo
1395 2456 1490 2487 ionio
1517 2454 1601 2486 mari

898 2510 1039 2548 vicium,
1068 2508 1148 2538 illud
1182 2507 1409 2548 superandum
1449 2504 1602 2537 babuerit

898 2570 972 2591 cum
992 2560 1024 2590 iu
1042 2559 1176 2590 ltaliam
1195 2559 1298 2590 venit.
1349 2558 1485 2598 lnspice
1503 2554 1603 2586 modo

899 2610 1033 2641 tabulas
1047 2609 1320 2650 Geograpfflms,
1332 2610 1402 2641 sinc·
1415 2607 1534 2647 quibua
1547 2605 1603 2636 vix

898 2670 1043 2701 unquam
1062 2661 1168 2690 lector
1183 2665 1302 2690 cautus
1327 2659 1445 2690 librum
1461 2664 1602 2696 aperue-

899 2711 955 2742 rit.

949 2759 1083 2798 Venilia]
1105 2760 1206 2790 Soror
1233 2767 1296 2788 uua
1323 2755 1447 2787 dicitur
1468 2754 1601 2787 Amata
