1773 3121
219 220 332 264 2078

220 325 347 367 Mille
367 326 484 367 venit
503 326 635 367 variis
653 327 807 368 florum
829 328 925 369 Dea
943 341 1060 369 nexa
1080 327 1256 368 coronis
1274 340 1283 367 :

455 232 494 263 P.
516 230 676 262 OVIDlI
707 231 920 263 NASONIS
953 232 1217 263 FASTORUM
1252 232 1348 264 [ΑΒ.
1370 232 1437 264 lv.

1579 324 1667 366 945

278 393 421 434 Scena
433 393 528 446 joci
548 406 711 435 morem
729 394 942 436 liberioris
962 394 1109 435 habet.

221 460 330 501 Exit
351 464 393 500 et
411 461 452 500 in
479 461 624 502 Maias
644 474 814 502 sacrum
831 461 1002 502 Florale
1026 459 1265 502 Kalendas.

277 526 403 569 Tunc
424 532 641 580 repetam:
670 541 780 568 nunc
799 541 869 569 me
889 528 1094 581 grandius
1114 530 1235 579 urget
1253 537 1383 579 opus·

220 592 381 635 Aufert
401 593 539 635 Vesta
558 595 670 635 diem
688 609 697 636 :
729 599 913 648 cognato
932 595 1075 636 Vesta
1093 597 1270 647 recepta
1290 597 1362 634 est

277 660 470 702 Limine:
500 662 564 702 sic
580 662 697 715 jussi
716 663 975 702 constituere
996 665 1162 715 patres.

1583 658 1668 701 950

223 727 423 769 Phoebus
442 728 578 768 habet
596 733 787 781 partem3
817 728 970 768 Vestae
991 741 1095 780 pars
1114 728 1250 768 altera
1271 726 1400 768 cessit
1417 739 1426 767 :

280 794 409 845 Quod
430 798 627 846 superest
646 795 748 842 illis,
769 794 917 834 tertius
938 794 1036 845 ipse
1057 798 1187 835 tenet.

224 861 362 909 State,
385 860 599 900 Palatinae
622 860 783 907 laurus,
805 862 1107 911 praetextaque
1127 873 1291 912 quercu

282 928 376 968 Stet
395 927 565 966 domus.

626 925 832 965 AEternos
851 928 937 965 tres
957 924 1090 965 habet
1110 938 1198 965 una
1218 926 1357 967 Deos.

224 1054 335 1083 ronata
349 1051 432 1082 mille
446 1051 543 1081 variis
555 1051 646 1081 sertis
661 1052 745 1082 venit
758 1063 767 1083 .·
789 1060 879 1081 scena
893 1050 983 1082 habet
995 1061 1108 1082 morem
1119 1051 1185 1089 joci
1198 1050 1358 1082 liberioris.
1403 1051 1532 1082 Sacrum
1549 1051 1673 1083 Florale

221 1095 400 1135 porrigitur
411 1104 525 1133 quoque
539 1095 570 1124 in
585 1095 745 1125 Kalendas
760 1094 877 1124 Maias.
925 1094 1008 1124 Tunc
1024 1097 1159 1134 repetam
1171 1105 1181 1124 .·
1203 1104 1282 1125 nunc
1292 1094 1390 1133 majus
1404 1104 1478 1134 opus
1490 1104 1536 1125 me
1548 1094 1673 1134 premit.

232 1138 321 1168 Vesta
343 1137 487 1176 praerz'pit
505 1137 606 1166 diem:
636 1137 728 1167 Vesta
744 1137 877 1167 admissa
892 1137 983 1166 estin
1003 1137 1123 1167 domum
1138 1141 1317 1173 cognatam:
1341 1137 1388 1167 ita
1402 1139 1572 1168 sanxerunt
1590 1136 1675 1175 justi

227 1180 350 1210 Patres.
395 1178 527 1208 Phoebus
542 1179 631 1208 habet
645 1182 766 1218 partem
779 1189 790 1215 ,·
812 1188 885 1218 pars
899 1179 998 1209 altera
1013 1180 1087 1209 data
1103 1183 1145 1210 est
1162 1179 1274 1217 Vestoe,
1290 1181 1355 1219 ipse
1370 1179 1483 1210 tertius
1497 1181 1580 1210 tenet
1594 1179 1675 1219 quod

225 1222 289 1252 illis
304 1225 349 1252 est
363 1221 562 1261 superfluum.
608 1220 711 1260 State,
727 1221 831 1251 laurus
847 1220 1003 1251 Palatinae
1016 1231 1028 1257 ,·
1050 1225 1170 1261 stetque
1184 1223 1288 1252 (lomus
1303 1225 1445 1252 coronata
1461 1231 1590 1262 quercu:
1612 1230 1675 1252 una

228 1263 345 1295 domus
362 1263 450 1293 habet
467 1266 529 1293 tres
549 1263 643 1293 Deos.

833 1347 949 1359 eeeeee

229 1406 354 1436 Vlitius
374 1404 513 1444 legebat
538 1414 667 1434 emenso.
711 1405 778 1435 Sex
803 1405 882 1435 libri
908 1406 1050 1436 immenso
1073 1409 1099 1437 t.
1118 1406 1145 1444 J‘.
1162 1415 1231 1436 ore:
1256 1406 1296 1436 P.
1313 1405 1390 1436 cod.
1407 1415 1522 1436 emerso
1538 1426 1545 1435 .

230 1448 350 1479 Heius.
368 1447 490 1477 suadet
516 1457 655 1477 emerso.

953 1347 1067 1358 cccccc

1551 1427 1569 1436 ..
1586 1403 1656 1436 orbe
1665 1415 1677 1436 .·

673 1457 757 1477 ‚oren
759 1449 863 1478 -945
888 1448 950 1478 Be.
974 1449 1018 1478 D
1036 1448 1136 1478 mixta
1152 1457 1214 1477 cor.
1217 1450 1320 1478 ῌ947
1346 1448 1451 1478 Multi
1467 1447 1587 1484 festum
1613 1457 1675 1487 pro

227 1499 396 1520 sacr.um—
360 1492 467 1519 —949
490 1489 602 1520 U1sin.
618 1499 666 1528 pr.
692 1489 769 1520 Pet.
785 1489 878 1520 Maz.
895 1495 930 1520 et
947 1490 1063 1521 decem
1089 1490 1145 1520 alu
1160 1490 1258 1526 Aufer
1278 1490 1315 1521 V.
1332 1490 1418 1520 alter
1434 1489 1512 1520 Pet.
1537 1488 1677 1526 Ausers;

229 1539 264 1563 et
282 1538 351 1563 tum
370 1531 488 1562 Heins.
515 1536 631 1562 censet
652 1541 683 1562 es
702 1541 779 1562 mox
808 1542 867 1571 pro
883 1536 928 1563 est
957 1532 1147 1572 legendnm.
1170 1533 1271 1573 V.ulg
1293 1530 1462 1572 piaeterea
1476 1532 1618 1571 cognati:
1640 1536 1678 1562 at

229 1578 359 1614 cognato
387 1574 505 1604 Heins.
533 1573 664 1614 recepit
692 1584 733 1604 ex
763 1574 895 1604 Arund.
921 1579 956 1605 et
983 1580 1128 1616 quatuor
1155 1575 1237 1605 aliis.
1240 1577 1346 1606 -950
1369 1575 1430 1605 Be.
1461 1573 1600 1605 Limite.
1621 1574 1677 1606 sic.

229 1618 311 1648 Tum
328 1616 463 1656 plurimi
477 1616 583 1654 juste..

600 1626 709 1647 ..senes
726 1616 878 1655 projussi
892 1621 1019 1656 patr-:es
1042 1617 1097 1647 alii
1124 1617 1226 1648 etiarn
1249 1626 1344 1648 senes.
1347 1619 1452 1647 —952
1475 1618 1528 1648 Fr.
1545 1617 1598 1647 ille
1614 1625 1677 1656 pro

230 1660 313 1699 ipse.-
337 1664 372 1689 et
399 1658 462 1690 Ed.
488 1639 616 1698 Grypli.
643 1660 694 1689 ille
719 1659 910 1690 tulit.—953
935 1661 989 1690 Fr.
1016 1663 1201 1700 proetextaq.
1229 1661 1473 1700 quercus—954
1496 1660 1574 1690 Duo
1602 1658 1679 1689 libri

232 1702 293 1733 Sed
304 1703 384 1732 dom.
402 1711 486 1732 unus
503 1701 584 1737 Sat;
607 1701 672 1731 duo
689 1701 773 1732 Stat.
818 1702 863 1732 Et
879 1702 945 1732 duo
967 1703 1037 1733 hab.
1054 1703 1133 1740 ista‚·
1156 1712 1240 1733 unus
1256 1703 1323 1733 illa.
1346 1702 1384 1733 F.
1399 1701 1564 1738 habitura;
1587 1700 1678 1732 unde

232 1744 352 1775 Heius.
377 1744 450 1781 Sta,
475 1745 592 1782 domm,
616 1748 766 1774 «eternum
781 1747 845 1774 tres
860 1744 1004 1775 habitura
1020 1745 1118 1776 Deos.

232 1786 289 1817 illa
305 1786 478 1817 modorum
495 1785 654 1827 frequens
672 1786 805 1827 poetis!
831 1787 940 1818 Burm.

1163 1748 1171 1762 ‘
1186 1745 1280 1776 Nihil
1303 1748 1419 1783 muto;
1441 1754 1518 1775 nam
1536 1743 1678 1775 variatio

890 1871 1028 1902 NOTAE

232 1945 323 1976 latur
339 1944 423 1976 Cani
438 1949 620 1975 mactatur.

276 1997 338 2026 943
377 1996 455 2025 Cum
497 1995 649 2035 Phrygis]
695 1997 725 2026 4.
757 1995 930 2027 Kalendas

233 2045 343 2075 Maias
357 2044 503 2074 Floralia
519 2044 737 2084 incipiebant.

276 2094 439 2134 Assaraci]
478 2095 572 2124 Trois
602 2093 667 2124 fuit
693 2093 793 2133 filius,
826 2098 928 2134 atque

236 2147 377 2183 patruus
392 2143 644 2180 Laomedontis,
660 2153 701 2174 ex
718 2154 783 2184 quo
795 2143 930 2184 quidem

236 2192 470 2224 Laomedonte
488 2193 642 2223 Priamus
659 2197 694 2224 et
709 2194 885 2224 Tithonus.

280 2241 407 2281 Fratre]
428 2243 583 2281 Tithono,
598 2243 669 2274 scil.
690 2242 835 2274 Aurorae
863 2252 930 2272 ma-

238 2292 316 2323 rito.
338 2292 464 2322 Verum
480 2291 693 2333 Assaracum,
709 2293 812 2333 quiin
828 2292 930 2332 majo-

238 2342 331 2373 ribus
358 2340 423 2371 fuit
453 2342 581 2373 Priami
617 2347 652 2373 et
690 2342 841 2382 Tithoni,
870 2351 931 2382 pro

239 2391 375 2424 Priamo
390 2392 463 2431 ipso
478 2391 619 2423 Poetica
633 2392 772 2423 licentia
787 2392 910 2432 posuit.

283 2443 346 2471 946
360 2440 473 2480 Scena]
488 2442 669 2473 Theatrum
685 2442 717 2472 in
736 2451 800 2482 quo
812 2442 932 2472 Scena.

282 2492 346 2522 949
372 2489 480 2530 Vesta]
496 2491 583 2524 Quia
599 2502 639 2524 ne
656 2491 829 2534 Augustus
846 2491 934 2523 Pon-

982 1943 1069 1976 tifex
1086 1945 1256 1976 Maximus
1276 1944 1471 1985 designatus
1497 1944 1552 1984 qui
1580 1943 1679 1974 Pala-

982 1994 1065 2025 tium
1082 1995 1252 2025 incolebat
1271 1996 1369 2035 longe
1397 2004 1416 2025 a
1430 1994 1536 2024 Vesta
1559 1996 1679 2024 contra

982 2054 1109 2075 morem
1143 2045 1327 2083 habitaret,
1358 2044 1431 2084 ejus
1462 2044 1546 2074 Deae
1576 2047 1679 2083 atque

982 2094 1069 2123 sacri
1082 2094 1166 2132 ignis
1182 2094 1215 2123 in
1232 2093 1365 2123 domum
1382 2092 1572 2123 Palatinam
1587 2091 1680 2123 facta

986 2143 1168 2174 translatio.
1192 2142 1306 2183 Atque
1323 2142 1399 2173 ideo
1415 2141 1552 2181 festum,
1564 2142 1636 2174 scil.

1029 2191 1181 2230 Cognato]
1205 2191 1349 2231 Augusti
1366 2191 1515 2232 cognati,
1531 2196 1569 2223 ut
1584 2201 1681 2233 supe·

984 2241 1061 2272 riori
1078 2241 1162 2271 libro
1179 2242 1396 2274 ostendimus.

1026 2294 1088 2321 950
1112 2291 1181 2331 Sic]
1203 2293 1345 2323 Senatus
1369 2302 1449 2333 ergo
1474 2292 1680 2325 auctoritate

984 2341 1145 2372 translata
1159 2342 1276 2373 Vesta.

1027 2395 1089 2423 952
1116 2392 1198 2432 lpse]
1223 2392 1407 2433 Augustus,
1422 2392 1496 2423 scil.

1028 2436 1089 2472 953
1116 2442 1257 2482 Quen-cu]
1279 2443 1389 2475 Quam
1413 2442 1446 2474 in
1471 2442 1610 2473 Metam.
1634 2440 1682 2472 vi-

987 2491 1091 2533 deris,
1105 2493 1132 2523 si
1154 2492 1237 2523 tanti
1254 2496 1316 2525 est.
