1773 3121
641 228 904 260 FASTORUM
939 228 1040 260 Lm.
1067 229 1133 262 lv,

1500 223 1615 268 2023

153 320 261 364 TER
283 320 377 362 sine
397 324 606 376 perpetuo
627 321 788 361 coelum
809 324 1005 362 versetur
1025 323 1070 363 in
1088 337 1174 366 axe
1191 338 1202 377 ;

207 388 296 430 Ter
308 390 461 443 jungat
479 387 624 437 Titan,
648 392 799 441 terque
818 389 1012 431 resolvat
1031 402 1194 444 equos;

1528 393 1614 438 180

150 453 358 498 Protinus
377 456 543 496 inflexo
564 456 859 510 Berecynthia
878 457 989 499 tibia
1013 470 1150 498 cornu

209 523 373 573 Flabit,
396 528 438 565 et
459 523 596 565 Idaeae
617 525 730 566 festa
752 524 955 566 Parentis
975 530 1115 567 erunt.

112 602 115 605 ’
148 588 279 630 Ibunt
297 591 561 641 semimares,
585 596 630 633 et
649 593 798 634 inania
820 597 1028 647 tympana
1049 594 1256 647 tundent3

204 656 398 711 AEraque
420 659 596 699 tinnitus
617 673 705 701 aere
727 661 903 714 repulsa
921 661 1101 702 dabunt.

145 720 253 775 Ipsa
272 723 428 764 sedens
449 726 572 766 molli
592 726 799 768 comitum
820 728 994 769 cervice
1013 727 1191 779 feretur,

1523 728 1608 771 185

200 788 335 833 Urbis
356 806 432 846 per
450 794 621 835 medias
643 795 876 837 exululata
895 796 1007 836 vias.

142 855 290 899 Scena
311 865 451 910 sonat,
475 861 675 915 Ludique
698 866 856 903 vocant
875 877 884 903 :
917 866 1130 916 spectate,
1152 862 1373 917 Quirites3

201 925 260 966 Et
281 927 399 969 Fora
421 929 566 971 Marte
588 943 671 971 suo
692 932 889 984 litigiosa
908 934 1085 972 vacent

142 992 354 1044 Quaerere
375 997 513 1038 multa
533 998 641 1039 libet
659 1013 669 1039 :
699 998 774 1038 sed
794 1011 862 1039 me
884 1011 1018 1039 sonus
1041 997 1142 1039 aeris
1162 999 1282 1039 acuti

187 1061 361 1113 Terret,
383 1070 426 1105 et
445 1065 660 1105 horrendo
681 1066 798 1105 lotos
821 1065 994 1105 adunca
1016 1077 1143 1105 sono.

1519 1064 1603 1105 190

139 1125 226 1178 Da,
247 1130 363 1180 Dea,
386 1145 499 1184 quas
518 1133 665 1180 sciter,
689 1132 865 1180 doctas,
890 1131 1115 1183 Cybeleia,
1138 1133 1302 1182 neptes.

196 1196 364 1249 Audit3
397 1204 441 1240 et
461 1199 540 1239 has
560 1211 677 1239 curae
695 1198 834 1251 jussit
854 1197 1008 1238 adesse
1027 1209 1154 1237 meae.

131 1308 223 1346 alque
236 1306 379 1348 proefixit
394 1317 516 1337 manum
532 1307 638 1338 oculis.

733 1306 846 1337 Patere
869 1306 977 1337 coelum
999 1309 1047 1337 ter
1063 1307 1204 1336 vertatur
1230 1305 1262 1336 in
1289 1314 1349 1336 axe
1364 1306 1519 1347 continuo,
1546 1307 1602 1339 Sol

131 1348 303 1388 terjungut
319 1359 420 1389 equos,
442 1353 547 1389 terque
572 1350 651 1380 levet
667 1350 760 1389 jugo,
785 1349 930 1380 continuo
955 1349 1035 1379 tibia
1054 1347 1268 1388 Berecynthia
1294 1358 1388 1379 cornu
1413 1359 1505 1380 curto
1532 1351 1601 1381 edet

130 1391 248 1430 sibilos,
263 1395 356 1431 atque
363 1392 451 1430 festa
466 1393 585 1422 Matris
599 1393 693 1423 111oeoe
706 1391 840 1430 referent
846 1401 892 1423 ur.
938 1390 1094 1431 Spadones
1106 1390 1320 1427 ambulabunt,
1332 1394 1423 1431 atque
1434 1392 1601 1432 pulsabunt

132 1436 300 1473 tympana,·
323 1438 353 1465 et
367 1445 431 1465 oera
446 1444 587 1475 percussa
602 1445 665 1465 aere
680 1436 807 1464 reddent
821 1434 966 1465 tinnitus,
988 1451 990 1454 ·
1011 1435 1085 1473 Ipsa
1096 1434 1202 1463 sedens
1212 1432 1392 1472 portabitur
1406 1437 1509 1465 tenero
1525 1436 1602 1466 collo

132 1476 289 1513 comitum,
305 1477 462 1508 exululata
484 1487 539 1517 per
552 1478 669 1508 medias
684 1477 750 1508 vias
767 1477 872 1507 Urbis.
918 1477 1015 1507 Scena
1035 1476 1215 1516 perstrepit,
1238 1478 1330 1515 atque
1345 1476 1427 1506 Ludi
1442 1477 1600 1509 invitant:

134 1517 277 1553 Quirites
289 1524 446 1559 spectatu
469 1523 560 1560 alque
578 1520 661 1551 Fora
684 1520 826 1558 litigiosa
850 1522 981 1558 parcant
995 1529 1047 1549 sao
1065 1519 1178 1549 Marti.

1235 1518 1345 1548 Placet
1362 1519 1458 1549 multu
1470 1522 1575 1558 petere
1587 1531 1598 1551 .·

131 1570 234 1591 rerum
251 1563 368 1592 stridor
382 1564 455 1593 oeris
469 1563 564 1602 awti,
590 1566 619 1592 et
635 1564 712 1593 lotos
727 1572 821 1593 curi-a
836 1572 908 1592 sono
925 1562 1089 1599 horrendo,
1107 1561 1182 1591 mihi
1199 1561 1312 1591 incutit
1328 1561 1497 1593 horrorem.
1529 1563 1600 1594 Dea

133 1603 278 1644 Cybeleia
293 1605 404 1636 exhibe
419 1606 524 1636 doctas
548 1608 664 1646 neptes,
688 1615 764 1646 quus
789 1605 988 1643 interrogem.
1034 1604 1133 1635 Audit
1146 1614 1157 1640 ‚·
1181 1607 1272 1644 atque
1287 1604 1453 1644 imperarit
1468 1604 1524 1636 has
1542 1604 1598 1644 fa-

745 1690 978 1702 e›eeomuee

131 1751 214 1773 unus
231 1743 352 1774 Heius.
377 1748 589 1776 manu.—179
612 1745 690 1777 Jun.
716 1747 780 1776 ca¹l.
809 1749 972 1777 certatur:
1006 1749 1041 1776 et
1058 1745 1157 1775 Voss.
1174 1745 1204 1774 in
1220 1753 1291 1774 arce
1308 1753 1366 1784 pro
1381 1754 1452 1775 var.
1468 1744 1595 1776 lect.—

132 1787 193 1815 180
217 1785 318 1817 Alter
335 1787 373 1817 P.
388 1791 465 1827 ter-q.
483 1788 628 1827 rejungat
651 1791 802 1827 erp—1⁸2
829 1789 917 1820 Maz.
945 1792 980 1819 et
997 1788 1039 1818 V.
1073 1788 1202 1818 flavit.-
1227 1797 1278 1826 pr.
1296 1787 1336 1818 V.
1356 1787 1485 1823 Flevit,·
1507 1787 1592 1819 alius

129 1827 315 1860 Ibin—187
341 1828 401 1860 Ed.
421 1830 568 1870 Neapol.
584 1831 714 1870 lituique
730 1841 793 1862 voc.
843 1830 956 1861 Aldiu.
982 1835 1069 1870 post.
1086 1830 1199 1869 Ludiq.
1226 1833 1360 1866 vacam,-
1395 1834 1431 1860 ει
1447 1829 1495 1861 ita
1509 1829 1593 1862 Jun.

129 1869 212 1902 Cod.
240 1876 276 1902 et
303 1872 399 1903 multi
439 1873 505 1903 alii.
540 1873 682 1903 Plurimi
719 1874 823 1904 eiiam
852 1876 990 1913 spectare
1019 1873 1165 1908 Q.-191
1193 1872 1280 1907 Quas
1308 1877 1361 1903 est
1389 1882 1431 1903 ex
1461 1872 1594 1906 emend.

791 1959 821 1990 N
828 1957 929 1990 OTAE

123 2019 318 2052 notissimus
335 2019 401 2052 fuit
417 2020 504 2052 AEoli
520 2021 620 2053 filius.

166 2073 227 2102 176
252 2071 362 2112 Latet]
397 2072 591 2113 Conspicua
617 2082 685 2104 non
713 2077 766 2105 est
793 2073 826 2104 in

120 2120 216 2152 coelo.

167 2173 227 2203 1⁷8
253 2172 325 2203 Non
351 2172 442 2214 tulit]
473 2173 564 2206 Quia
588 2173 759 2213 Dardani,
785 2184 827 2206 ex

121 2230 189 2263 quo
217 2222 442 2263 Trojauorum
472 2224 538 2255 orti
575 2232 685 2265 regen,
718 2229 828 2256 mater

121 2270 197 2304 fuit.

163 2325 225 2354 179
251 2323 327 2364 Ter]
353 2324 470 2355 Pridie
498 2334 603 2356 nonas
632 2324 769 2366 Apriles
795 2337 827 2357 e·

120 2380 198 2406 rant
213 2375 403 2416 Megalesia
419 2375 510 2408 festa
528 2377 676 2417 Cybeles
692 2388 823 2419 magnae

117 2426 236 2457 matris
251 2427 410 2466 Denn·‚›·.i
428 2437 494 2470 qua
510 2428 594 2459 fides
615 2429 720 2461 Livio.
758 2430 825 2460 Na-

119 2485 156 2507 so
171 2482 288 2508 noster
304 2478 411 2509 Nonis
429 2479 509 2519 ipsis
527 2479 679 2510 ascribit.

161 2528 221 2557 181
240 2527 465 2569 Berecynthia]
491 2529 660 2570 Phrygiam
685 2540 704 2561 a
723 2530 825 2561 Bere-

117 2576 243 2614 eyntho
268 2577 427 2619 Phrygiae
451 2586 580 2621 monte,
598 2581 655 2612 ubi
679 2582 824 2613 maxime

119 2624 249 2665 Cybele
266 2628 359 2659 culta

163 2676 223 2705 18⁸1
247 2676 356 2716 [dm]
403 2678 498 2711 Idaea
524 2681 652 2713 dicitur
679 2682 824 2724 Cybele,

120 2733 194 2763 quae
213 2724 287 2764 Ops
303 2731 356 2757 est
371 2732 406 2758 et
419 2729 538 2770 Terre,
563 2731 605 2763 ab
628 2732 692 2765 Ida
717 2733 824 2776 l‘liry-

115 2774 181 2819 glai
202 2779 328 2808 moute.

927 2022 987 2052 183
1013 2021 1217 2061 Semimares]
1251 2021 1370 2053 Gallos
1400 2022 1496 2063 dicit,
1526 2022 1594 2063 Cy·

884 2073 977 2105 beles
994 2073 1167 2104 ministros
1183 2077 1363 2113 castratos,
1379 2083 1521 2115 quorum
1537 2074 1596 2105 alii

882 2129 1031 2155 statuam
1047 2124 1118 2164 ejus
1136 2123 1318 2164 praeibant,
1343 2133 1420 2165 pars
1447 2124 1594 2156 humeris

884 2173 1078 2214 impositam
1095 2173 1268 2213 ferebant,
1282 2176 1348 2206 δίε.

929 2227 989 2256 184
1013 2225 1105 2266 AEre]
1130 2226 1228 2257 AEreo
1245 2225 1483 2257 instrumento.

928 2278 987 2306 135
1027 2275 1136 2315 Molli]
1175 2275 1265 2308 Quia
1294 2276 1415 2306 evirati
1443 2275 1590 2315 Cybeles

884 2326 1098 2357 sacerdotes.

927 2380 989 2408 156
1013 2378 1201 2417 Exalulata]
1227 2377 1338 2408 Multo
1356 2378 1485 2408 ululatu
1503 2378 1591 2409 eele-

884 2428 994 2458 brata.

927 2481 984 2509 187
1010 2476 1126 2517 Saena]
1151 2477 1242 2509 Hinc
1266 2477 1419 2510 'l'creutii
1447 2479 1588 2510 nonnul-

880 2529 926 2559 las
945 2528 1032 2559 ludis
1063 2529 1320 2568 Megalensibus
1348 2535 1442 2560 actas
1460 2528 1590 2560 fabulas

882 2579 1065 2610 inveneris.

925 2633 987 2660 188
1030 2629 1145 2660 l'acent
1174 2629 1243 2670 suo]
1283 2630 1375 2662 Lites
1416 2629 1588 2660 omittant.

881 2680 1086 2721 Metaphora
1102 2686 1153 2711 est
1182 2690 1201 2710 a
1227 2680 1316 2710 bello
1334 2677 1455 2718 petita,
1480 2678 1527 2709 rei
1544 2678 1587 2710 do

879 2741 946 2772 qua
962 2731 1075 2771 agitur
1091 2730 1277 2771 aptissima.

928 2784 988 2812 190
1011 2780 1120 2820 Lotus]
1142 2779 1244 2811 Tibia
1261 2787 1301 2808 ex
1321 2777 1391 2809 loto
1407 2777 1541 2814 arbore.
