1773 3121
181 188 296 232 2094

183 293 295 349 Ipsa
314 294 423 335 doce
442 307 540 348 quae
560 294 639 334 sis.

666 199 705 231 P.
738 198 896 230 oleu
929 197 1143 231 NASONIS

698 293 939 335 Hominum
962 295 1173 336 sententia
1187 294 1344 338 fallax.

241 361 425 415 Optima
444 365 490 401 tu
511 361 676 414 proprii
696 361 882 401 nominis
903 364 1055 402 auctor
1075 363 1174 403 eris.

181 428 258 469 Sic
279 441 384 480 ego:
416 429 478 467 sic
499 428 664 468 nostris
685 428 912 480 respondit
939 429 1051 468 Diva
1068 429 1256 481 rogatis:

240 494 356 535 Dum
377 495 583 546 loquitur,
603 507 756 534 vernas
776 494 891 535 efflat
912 495 967 534 ab
989 507 1061 534 ore
1082 507 1205 535 rosas
1225 509 1234 535 :

182 559 357 601 Chloris
377 575 509 611 eram,
529 575 626 615 quae
649 561 780 601 Flora
799 574 952 601 vocor:
986 565 1188 614 corrupta
1206 560 1365 602 Latino

1542 555 1627 599 195

238 627 444 669 Nominis
465 632 530 669 est
549 628 686 668 nostri
707 628 831 668 litera
852 627 1014 668 Graeca
1035 641 1161 668 sono.

183 692 352 735 Chloris
375 708 493 735 eram
516 694 720 747 Nymphe
741 694 886 745 campi
907 693 1062 743 felicis,
1094 694 1169 734 ubi
1189 692 1317 734 audis

239 760 353 800 Rem
374 762 604 800 fortunatis
626 764 723 799 ante
743 760 879 798 fuisse
903 759 1016 799 viris.

182 826 295 876 Quae
316 828 443 867 fuerit
463 827 566 865 mihi
586 826 738 873 forma,
759 838 888 877 grave
910 830 977 863 est
997 838 1170 865 narrare
1191 826 1398 867 modestae
1418 841 1428 868 :

237 893 324 933 Sed
346 904 549 943 generum
569 891 697 930 matri
715 890 871 942 reperit
890 890 968 929 illa
988 889 1148 930 Deum.

1542 892 1628 933 200

179 958 269 1000 Ver
289 963 400 1009 erat3
431 959 641 998 errabam.
703 956 930 1010 Zephyrus
951 957 1205 1009 conspexit3
1237 957 1424 998 abibam.

237 1025 486 1078 Insequitur
503 1039 513 1076 3
545 1024 675 1076 fugio.
737 1023 913 1064 Fortior
934 1025 1007 1064 ille
1028 1024 1120 1063 fuit.

181 1143 301 1165 carmen
314 1135 457 1173 procedat
474 1143 539 1162 cum
555 1142 680 1163 munere
698 1132 795 1163 Circi.
844 1134 891 1163 Tu
912 1132 979 1172 ipsa
1000 1132 1101 1162 indica
1117 1142 1183 1172 quse
1197 1131 1250 1163 sis.
1297 1132 1459 1163 Sententia
1474 1132 1627 1163 hominum

180 1178 307 1207 incerta.
344 1176 461 1206 Tueris
476 1175 636 1214 aptissima
647 1175 739 1204 indeae
753 1174 874 1213 proprii
885 1174 1025 1205 nominis.
1058 1175 1110 1204 Ita
1124 1184 1200 1213 ego:
1224 1175 1294 1205 Dea
1306 1175 1360 1205 hoc
1376 1177 1461 1206 modo
1473 1176 1629 1215 respondit

180 1219 294 1249 nostris
309 1218 432 1257 petitis.-
455 1218 526 1247 dum
541 1216 632 1246 verba
641 1215 725 1253 facit
742 1216 855 1246 emittit
871 1226 956 1245 rosas
971 1225 1080 1246 vernos
1095 1216 1132 1246 ab
1147 1225 1220 1246 ore.-
1250 1217 1321 1256 Ego
1338 1227 1405 1256 quoe
1417 1218 1501 1247 dicor
1523 1219 1629 1253 Flora,

181 1270 265 1291 eram
292 1261 433 1290 Chloris:
468 1259 559 1288 litera
587 1259 700 1287 Groeca
725 1258 858 1288 nominis
883 1259 983 1287 nostri
1009 1261 1054 1288 est
1079 1257 1252 1295 deformata
1286 1267 1357 1288 sono
1383 1258 1507 1289 Latino.
1553 1260 1627 1299 Ego

184 1302 306 1332 Chloris
320 1312 403 1332 eram
418 1301 551 1340 nympha
566 1301 635 1338 agri
650 1299 802 1338 foecundi,
821 1300 873 1329 um·
888 1300 977 1330 audis
990 1309 1054 1330 rem
1070 1303 1140 1330 onte
1155 1299 1256 1336 fuisse
1271 1300 1347 1329 viris
1363 1300 1468 1331 beatis.
1514 1301 1628 1331 Moles-

181 1348 247 1375 tum
261 1348 307 1374 est
319 1345 461 1373 modesta:
475 1343 576 1372 dicere
591 1351 657 1380 quae
665 1340 769 1377 fuerit
785 1350 851 1370 mea
864 1342 1082 1379 1›ulcln·itmlo;
1103 1351 1207 1371 verum
1222 1342 1276 1371 illo
1291 1342 1407 1371 invenit
1422 1343 1524 1373 Deum
1537 1353 1630 1381 gene·

180 1396 248 1417 rum
269 1385 364 1416 matri
390 1394 482 1414 nieae.
533 1384 593 1413 Ver
616 1386 705 1417 ernt;
726 1382 871 1420 vagabar.
917 1382 1079 1421 Zephyrus
1103 1391 1155 1412 me
1181 1382 1282 1418 molit,-
1305 1383 1501 1414 discedebam.
1545 1385 1628 1415 Inse-

790 1465 961 1475 Wenn
964 1465 1021 1476 ’Ν

180 1529 215 1554 et
232 1526 300 1553 tres
316 1521 570 1559 annuntiataque
585 1520 677 1559 palm.
722 1518 791 1548 Pro
816 1517 917 1557 palma
942 1519 1105 1559 Neapolis
1132 1519 1266 1560 legebat
1291 1519 1393 1551 verba.
1438 1521 1521 1551 Tum
1537 1521 1628 1553 Mor.

180 1570 214 1596 et
230 1565 295 1595 duo
312 1564 367 1594 alii
382 1564 485 1603 palma
504 1562 786 1601 triumphis—100
809 1561 888 1592 Jun.
906 1564 941 1590 et
957 1561 1048 1592 Maz.
1068 1562 1103 1592 C.
1119 1563 1241 1593 numine
1262 1565 1463 1593 carm.——19l
1489 1563 1529 1593 In
1546 1573 1628 1595 non-

181 1607 278 1637 nullis
293 1607 351 1636 scis
368 1616 426 1645 pro
449 1606 503 1635 sis.
528 1605 611 1634 Mox
636 1605 667 1633 in
684 1604 745 1633 Be.
762 1608 892 1633 mutata
908 1602 1125 1634 distinctione
1151 1604 1229 1634 hom.
1256 1608 1333 1636 sent.
1350 1604 1456 1641 fallax
1485 1606 1626 1645 Optima.

183 1650 240 1685 Tu,
263 1651 422 1689 &cr-192
447 1648 499 1677 Fr.
525 1656 604 1677 nom.
626 1649 711 1676 actor
733 1647 881 1676 ern—193
907 1645 975 1675 Alii
997 1649 1091 1676 nostr.
1116 1648 1275 1686 respondet
1297 1648 1448 1678 D.-194
1473 1648 1570 1688 Efflat
1586 1658 1629 1679 ex

179 1691 372 1722 melioribus
390 1690 486 1720 dedit
502 1689 618 1719 Heius.
635 1698 696 1728 pro
713 1689 800 1727 vulg.
823 1687 1026 1728 offlam-195
1050 1688 1131 1719 Jun.
1160 1689 1265 1719 Gloris
1280 1698 1322 1719 er.
1340 1693 1375 1720 et
1392 1699 1411 1719 a
1427 1689 1627 1729 quibusdam

181 1738 320 1764 notatur
336 1733 376 1763 ad
394 1732 483 1763 Gell.
498 1741 546 1762 lx.
564 1734 614 1761 12.
628 1730 722 1770 quasi
737 1729 945 1760 scriberetur
966 1730 1067 1761 Florls
1076 1731 1117 1761 ab
1131 1731 1267 1762 Ovidio.
1292 1731 1374 1762 Mox
1385 1732 1535 1762 nonnulli
1548 1732 1628 1763 libri

179 1775 452 1815 corruptaLutini;
467 1779 534 1804 tres
546 1773 870 1803 libriLacinis.-196
883 1772 958 1802 Duo
969 1772 1384 1813 librilz't.primason.—l99
1398 1774 1629 1814 Multiscripti

182 1822 217 1849 et
231 1819 282 1849 ed.
293 1818 422 1858 Gryph.
455 1815 648 1853 Quoefzoerat
660 1815 735 1846 mih.
761 1814 924 1854 Neapolis
936 1814 1066 1855 profert
1079 1818 1221 1847 modesta>
1234 1825 1277 1846 ex
1291 1816 1421 1847 duobus
1435 1820 1519 1848 vett.
1534 1818 1627 1858 vulg.

832 1914 864 1944 N
871 1912 972 1944 0¹1*AE

182 1987 265 2017 dicae
280 1986 435 2026 proprius
450 1985 481 2015 in
499 1985 634 2024 regione
655 1988 772 2016 sexta:
797 1994 875 2016 nam

181 2036 294 2075 plures
309 2034 446 2065 fuerunt
462 2035 589 2065 Romae.

225 2086 334 2125 Hunc]
377 2086 529 2114 Mensem
568 2083 708 2121 Maium,
740 2083 811 2113 scil.
841 2083 874 2112 in

181 2144 278 2175 quem
295 2134 447 2164 translati
461 2133 530 2162 ludi
548 2132 603 2172 qui
620 2132 652 2161 in
671 2132 771 2162 Circo
788 2131 874 2162 cele-

180 2185 379 2215 brabantur.

227 2234 383 2272 Clamant]
423 2235 510 2264 Quia
532 2233 602 2272 ejus
630 2230 874 2272 consequendae

181 2283 288 2324 gratia
301 2284 440 2313 multum
456 2282 738 2312 contendebatur.

226 2336 286 2363 190
315 2332 458 2371 Ilffnnerr]
486 2332 597 2369 Ludis,
615 2332 684 2361 scil.
707 2332 761 2371 qui
783 2340 873 2361 men·

179 2383 223 2414 sis
239 2384 322 2414 Maii
335 2384 430 2414 initio
448 2384 478 2413 in
492 2385 599 2414 Florae
617 2384 774 2413 honorem
788 2383 874 2413 cele-

180 2433 321 2464 brabant
328 2444 344 2462 u
352 2444 374 2463 r.

224 2486 282 2514 191
310 2483 435 2521 Fallax]
462 2485 553 2514 Quot
571 2489 601 2512 vt
621 2482 739 2522 quibus
756 2482 873 2521 modis,

180 2533 343 2574 quibusve
367 2533 407 2563 (le
431 2534 538 2563 camis
554 2534 627 2573 quis
647 2533 793 2563 dixerit?
818 2532 871 2563 Ad

180 2582 315 2613 fallacia
330 2589 363 2613 et
378 2584 485 2613 inania
505 2593 615 2613 rerum
631 2583 762 2613 videtur
777 2583 871 2613 {inice

180 2638 393 2672 comparatus
423 2634 531 2663 homo.
581 2634 656 2672 lpse
687 2639 722 2663 ut
749 2633 872 2664 certius

180 2681 291 2722 fallat,
321 2681 489 2715 fallaciam
521 2689 620 2715 caute
644 2684 738 2715 ‘velle
769 2684 875 2716 vitare

178 2730 318 2763 simulat
334 2731 437 2763 Naso.

974 1990 1033 2018 195
1060 1986 1228 2027 Corrupto]
1245 1985 1332 2018 Quia
1349 1995 1408 2026 pro
1421 1983 1540 2025 Χλωρὶς
1554 1974 1639 2015 Flo-⁵

928 2045 964 2066 ra
984 2036 1098 2066 dicta:
1128 2045 1318 2076 quanquam
1342 2038 1378 2064 et
1403 2034 1523 2064 Chloris
1538 2034 1626 2065 Lati-

929 2085 981 2115 nis
998 2090 1149 2125 recepta.

972 2138 1032 2165 197
1059 2133 1296 2173 Compifelicis]
1320 2133 1435 2172 Horti,
1452 2134 1524 2165 scil.

972 2186 1033 2214 198
1062 2182 1252 2222 Fortunatis]
1283 2183 1334 2213 De
1363 2184 1436 2213 loco
1466 2185 1625 2224 quopiam

928 2233 1088 2273 peculiari
1123 2233 1284 2272 siquidem
1323 2232 1484 2262 mentitur
1511 2233 1625 2273 Flora,

928 2285 1052 2315 nullum
1072 2283 1204 2324 quidem
1223 2282 1405 2314 fortunatis
1420 2283 1533 2314 insulis
1546 2293 1625 2315 con-

929 2339 981 2364 tra
1005 2333 1256 2370 Mauritaniam,
1273 2337 1330 2362 aut
1358 2331 1491 2362 Alcinoi
1520 2332 1624 2363 hortis

928 2384 959 2414 in
976 2384 1126 2423 Corcyra
1151 2383 1272 2419 insula,
1293 2381 1554 2413 commodiorem
1576 2382 1624 2412 vi-

928 2434 1001 2464 deo.

969 2487 1030 2514 200
1058 2482 1200 2522 Reperit]
1222 2481 1471 2511 Modestissime
1488 2481 1623 2522 quidem

927 2533 968 2563 ‹le
986 2538 1101 2572 stupro
1117 2533 1176 2562 sibi
1197 2532 1292 2561 illato
1309 2531 1464 2570 loquitur.

973 2582 1089 2621 Deum]
1112 2582 1315 2621 Zephyrum,
1332 2580 1401 2610 scil.
1419 2583 1556 2611 ventum
1577 2580 1621 2612 ab

927 2642 1061 2663 occasu.

970 2685 1032 2712 202
1056 2682 1195 2721 Fortior]
1220 2682 1326 2711 Lenes
1343 2685 1454 2711 tamen
1472 2679 1622 2720 Zephyri

929 2732 1100 2765 dicuutur.
1135 2731 1184 2763 At
1199 2731 1288 2763 enim
1303 2729 1393 2771 apud
1414 2730 1544 2773 puellas
1556 2728 1623 2775 ἴοι-ἶ
