1773 3121
247 233 360 276 1950

249 339 348 381 Nec
368 340 472 380 mihi
492 351 628 393 parva
648 339 776 389 fides,
797 352 932 381 annos
951 340 1051 381 hinc
1072 341 1162 382 isse
1183 340 1367 394 priores,

303 407 432 448 Anna
453 407 572 461 quod
593 407 677 447 hoc
698 411 846 460 coepta
865 410 932 448 est
948 420 1094 448 mense
1115 408 1314 448 Perenna
1334 407 1435 449 coli.

735 245 776 274 P.
807 245 963 275 OVlDll
999 245 1210 278 NASONIS

1613 339 1698 381 145

249 473 370 515 Hinc
392 475 520 515 etiam
542 478 706 515 veteres
724 474 820 514 initi
840 478 1132 515 memorantur
1151 475 1338 516 honores

303 540 377 582 Ad
394 542 587 595 spatium
606 542 722 591 belli,
740 542 902 595 perfide
926 542 1078 592 Poene,
1103 544 1177 585 tui.

247 608 448 662 Denique
469 610 646 662 quintus
667 610 724 650 ab
745 610 828 651 hoc
848 610 988 652 fuerat
1012 610 1223 661 Quintilis
1241 625 1250 652 ε
1281 614 1328 651 et
1347 608 1448 650 inde

303 676 482 729 Incipit,
505 689 531 717 a
552 689 727 718 numero
747 678 921 719 nomina
943 679 1145 732 quisquis
1165 679 1307 719 habet.

1613 676 1697 718 150

247 743 435 793 Primus,
457 744 669 784 oliviferis
692 745 885 786 Romam
906 746 1118 787 deductus
1140 747 1197 787 ab
1218 747 1352 797 arvis,

299 810 549 863 Pompilius
570 824 743 852 menses
765 813 900 852 sensit
920 813 1079 854 abesse
1099 814 1227 855 duos.

245 877 349 918 Sive
369 877 454 917 hoc
476 890 502 917 a
524 878 674 918 Samio
696 878 868 926 doctus,
893 879 967 931 qui
988 892 1122 931 posse
1142 881 1311 921 renasci

302 943 401 984 Nos
423 947 574 996 putat3
608 943 761 996 Egeria
787 945 880 985 sive
898 950 1097 986 monente
1119 959 1211 988 sua.

245 1009 331 1050 Sed
352 1015 498 1051 tamen
520 1011 723 1052 errabant
743 1013 981 1053 etiamnum
1001 1017 1194 1067 tempora
1211 1027 1221 1064 ;
1253 1013 1391 1053 donec

1611 1011 1698 1052 155

301 1076 496 1119 Caesaris
518 1078 563 1118 in
584 1079 732 1119 multis
752 1078 848 1120 haec
871 1093 1041 1134 quoque
1061 1093 1166 1122 cura
1184 1080 1278 1122 fuit.

242 1184 317 1205 novo
331 1176 470 1206 eaecitata
483 1176 575 1206 sumit
591 1185 639 1206 w
641 1185 682 1207 es
729 1177 837 1216 Neque
860 1178 937 1208 mihi
951 1178 1036 1219 fides
1058 1179 1144 1217 levis,
1171 1188 1265 1209 annos
1280 1177 1401 1217 priores
1415 1176 1485 1207 inde
1499 1174 1628 1206 initium
1641 1175 1695 1206 lia-

243 1217 352 1255 baisse,
368 1219 445 1256 quod
461 1219 554 1248 Anna
578 1219 723 1248 Perenna
746 1222 843 1257 coepea
863 1223 912 1249 est
938 1221 995 1250 coli
1020 1220 1076 1251 hoc
1097 1231 1207 1251 mense.
1252 1220 1385 1259 Antiqui
1410 1219 1535 1249 honores
1550 1218 1696 1249 dicuntur

241 1259 335 1289 etiam
360 1259 431 1289 hine
455 1260 550 1290 sumti
577 1261 616 1290 ad
642 1262 759 1298 tempus
787 1260 857 1290 belli
882 1262 942 1300 tui,
969 1262 1066 1292 Poene
1089 1263 1215 1303 perfide.
1260 1263 1402 1300 Denique
1428 1260 1553 1301 quintus
1577 1260 1615 1291 ab
1641 1260 1696 1291 hoe

233 1300 341 1337 fuerat
359 1301 529 1338 Quintilis;
552 1305 582 1332 et
606 1301 677 1331 inde
701 1301 826 1332 initium
852 1302 941 1334 habet
965 1304 1103 1343 quisquis
1127 1305 1224 1334 sunzit
1250 1304 1374 1334 nomina
1395 1313 1415 1333 a
1439 1311 1574 1333 numer-,o
1620 1302 1696 1332 Pri-

241 1353 308 1374 mus
334 1344 506 1383 Pompilius
531 1345 676 1375 deductus
702 1344 831 1374 Romam
855 1344 892 1374 ab
918 1347 1004 1383 agris
1026 1347 1177 1383 oliviferis
1207 1345 1342 1377 advertit
1371 1346 1446 1375 dnos
1473 1353 1590 1374 menses
1616 1345 1696 1375 desi-

239 1386 363 1417 derari.-
396 1396 448 1416 seu
474 1387 529 1416 hoc
555 1386 701 1417 didicerit
727 1396 746 1416 a
772 1387 890 1425 Samio,
914 1389 967 1427 qui
996 1389 1094 1419 credit
1123 1399 1182 1418 non
1208 1398 1295 1428 posse
1322 1387 1462 1423 renasci,·
1493 1396 1547 1416 seu
1576 1386 1695 1425 Egeria

240 1437 296 1459 sua
325 1429 458 1459 docente.
509 1428 620 1458 Verum
659 1431 761 1458 tamen
797 1432 934 1468 tempora
969 1430 1067 1460 adhuc
1103 1431 1259 1469 errabant,
1295 1431 1388 1460 donec
1416 1430 1481 1460 haec
1502 1428 1572 1466 fuit
1600 1429 1694 1460 etiam

852 1509 926 1520 ‘Me
930 1509 1084 1520 otaeaeeeeo

240 1563 323 1595 editi
348 1574 411 1595 esse
436 1574 497 1604 pro
523 1565 591 1595 isse.
593 1568 699 1596 --146
723 1566 866 1597 Plurimi
894 1565 971 1596 libri
998 1576 1090 1597 mens.
1114 1570 1238 1607 repente
1265 1567 1321 1598 col.
1346 1566 1435 1597 Mor.
1453 1567 1584 1605 reperta.
1587 1566 1690 1595 -147

238 1607 333 1637 Unus
349 1607 470 1639 Heius.
493 1608 599 1639 meriti
618 1617 678 1647 pro
695 1608 779 1640 znztz
781 1611 888 1639 -150
913 1609 1044 1640 Decem
1062 1614 1145 1640 vett.
1166 1608 1274 1641 Codd.
1292 1609 1358 1640 Ine.
1374 1610 1407 1639 in
1423 1618 1503 1639 num.
1529 1607 1612 1638 Mox
1629 1607 1694 1639 Be.

238 1659 256 1679 a
273 1659 452 1690 numeroque
473 1653 580 1681 notata
601 1651 688 1687 dies;
711 1651 827 1682 Buim.
849 1651 942 1691 conj.
971 1661 1032 1691 pio
1053 1661 1177 1692 quoeque
1202 1654 1309 1682 notata
1333 1651 1410 1682 dies.
1412 1652 1517 1681 —153
1543 1648 1635 1680 Editi
1656 1653 1693 1680 et

239 1691 358 1732 scripti
376 1692 472 1723 multi
486 1693 554 1724 Siv.
570 1696 638 1723 erat
653 1704 671 1724 a
688 1693 829 1725 ›St—155
855 1694 1038 1725 Etiamnum
1054 1699 1105 1726 est
1125 1704 1166 1725 ex
1191 1694 1309 1724 Heius.
1333 1693 1466 1724 emend.
1492 1692 1692 1732 plerumque

237 1734 413 1774 legebatur
427 1735 523 1766 etiam
538 1739 632 1767 tunc:
656 1736 750 1767 multi
767 1740 852 1768 vett.
865 1736 961 1767 etiam
976 1746 1076 1774 nunc5
1100 1746 1184 1768 unus
1211 1737 1251 1768 R.
1275 1736 1372 1768 etiam
1393 1745 1464 1766 non.
1466 1737 1571 1766 -156
1595 1734 1692 1765 Com-

893 1821 1033 1859 NOTAE

280 1893 342 1921 146
368 1890 472 1931 Anna]
493 1892 571 1922 Dea
596 1901 672 1932 quae
700 1890 797 1921 annis
821 1890 938 1930 praesi-

237 1939 354 1980 debat,
382 1941 435 1971 cui
465 1941 636 1972 sacrificia
665 1950 780 1972 mense
811 1940 936 1971 Martio

236 1988 310 2020 fieri
326 1999 474 2029 coepere,
490 1995 527 2020 ut
555 2000 679 2021 annai-e
696 1994 731 2021 et
748 1999 937 2030 perennare

236 2038 409 2068 commode
426 2039 559 2070 liceret.

279 2090 340 2118 147
366 2088 522 2127 Honores]
547 2088 801 2128 Magistratum.

277 2140 339 2169 148
370 2138 421 2168 Ad
444 2139 594 2178 spatium]
625 2139 732 2169 Immo
760 2148 867 2179 usque
893 2139 935 2169 ad

234 2196 354 2218 annum
382 2187 474 2217 urbis
498 2188 644 2218 conditae
672 2191 746 2218 600.
764 2198 829 2229 quo
852 2192 936 2219 tem-

232 2245 316 2276 pore
334 2237 376 2268 Q,
396 2236 529 2267 Fulvius
557 2237 724 2276 Nobilior,
751 2242 786 2268 et
812 2238 849 2268 T.
866 2236 934 2268 An-

234 2285 307 2316 nius
324 2285 450 2316 Luscus
476 2286 640 2317 Kalendis
657 2286 829 2319 januariis
848 2288 934 2318 Con-

235 2337 380 2368 sulatum
395 2337 553 2369 inierunt.

276 2384 415 2426 Perside]
452 2387 630 2418 Poenorum
656 2396 734 2419 vero
770 2398 827 2419 seu
855 2388 933 2420 Car-

234 2434 493 2474 thaginiensium
531 2436 614 2468 fides
652 2437 684 2468 iu
715 2438 933 2478 proverbium

235 2484 328 2515 abiit.

274 2536 336 2565 149
359 2534 446 2574 Hoc]
470 2536 595 2567 Martio
612 2537 718 2576 primo
735 2547 860 2569 mense.

274 2583 367 2622 Inde]
393 2584 419 2615 Α
438 2585 578 2616 Martio.

275 2636 337 2664 150
363 2634 522 2675 Quisquis]
545 2635 717 2674 Quintilis,
740 2645 774 2667 v.
798 2637 932 2675 gratian

231 2683 287 2725 qui
310 2684 432 2715 deinde
454 2685 577 2725 Julius,
604 2687 754 2724 Sextilis,
778 2688 930 2728 Septem-

231 2733 302 2773 ber,
315 2736 379 2766 &m
397 2735 453 2775 qui
471 2730 584 2768 omnes
609 2746 630 2768 a
654 2746 792 2769 numero
807 2746 930 2769 nomen

232 2790 434 2818 sumserunt.

1036 1894 1094 1922 151
1115 1890 1291 1930 Oliviferis]
1313 1890 1353 1921 In
1369 1889 1501 1921 Sabinis
1517 1888 1617 1928 enim,
1630 1897 1699 1928 un·-

992 1940 1033 1970 de
1049 1940 1177 1971 accitus
1195 1941 1307 1970 Numa
1323 1939 1523 1979 Pompilius,
1540 1939 1689 1968 olearum

991 1998 1110 2029 magua
1126 1988 1237 2028 copia,
1259 1992 1413 2028 tempore
1428 1987 1563 2028 quidem
1580 1988 1687 2019 Naso·

990 2047 1052 2069 ms.

1034 2090 1093 2118 153
1110 2086 1230 2126 Samio]
1246 2087 1454 2128 Pythagora,
1465 2087 1539 2118 scil.
1562 2087 1687 2118 Verum

989 2146 1053 2167 non
1070 2136 1149 2167 illud
1167 2139 1296 2177 patitur
1322 2137 1407 2168 ratio
1428 2140 1632 2177 temporum,
1647 2136 1690 2167 si·

990 2186 1126 2227 quidem
1156 2188 1262 2218 multo
1291 2187 1459 2228 posterior
1487 2187 1602 2218 Numa
1629 2187 1688 2218 ille

988 2237 1216 2277 philosophus,
1228 2242 1265 2269 ut
1279 2237 1403 2268 docent
1415 2237 1536 2268 Cicero
1552 2236 1688 2278 aliique,

988 2288 1045 2328 qui
1059 2288 1270 2328 temporibus
1283 2288 1400 2319 iisdem
1416 2288 1451 2319 in
1467 2287 1567 2319 Italia
1582 2287 1686 2319 fuisse

988 2342 1157 2369 testantur
1182 2339 1302 2379 quibus
1326 2338 1365 2370 L.
1386 2339 1514 2369 Brutus
1541 2336 1685 2377 patriam

988 2390 1157 2421 liberavit.

1032 2440 1125 2470 Posse
1160 2439 1295 2479 renasci]
1333 2439 1385 2469 De
1423 2448 1463 2470 ea
1497 2439 1684 2469 animarum

988 2489 1281 2528 transmigratione
1296 2488 1424 2519 dictum
1440 2489 1473 2518 in
1492 2488 1632 2519 Metam.

1030 2540 1090 2568 154
1130 2537 1263 2576 Egeria]
1301 2537 1406 2576 Cujus
1434 2536 1589 2576 nymphae
1623 2546 1682 2567 seu

987 2588 1072 2617 Deae
1111 2586 1237 2616 monitu
1276 2587 1387 2616 omnia
1415 2585 1529 2616 facere
1568 2586 1682 2618 Numa

984 2635 1094 2672 finxit,
1110 2645 1174 2675 quo
1203 2636 1308 2675 magis
1335 2636 1469 2667 barbari
1487 2645 1560 2677 quae
1586 2645 1683 2667 sanx-

985 2686 1063 2715 isset
1079 2686 1286 2724 acciperent.

1026 2737 1088 2765 155
1107 2734 1279 2774 Errabant]
1295 2735 1381 2767 Quia
1394 2734 1436 2766 ad
1449 2735 1532 2766 Solis
1546 2743 1681 2767 cursum

983 2793 1048 2816 non
1063 2784 1144 2816 satis
1161 2788 1320 2816 accurate
1343 2784 1473 2826 digesta
1488 2789 1681 2826 temporum
