1773 3121
195 190 309 231 2174

193 290 338 344 (Arsit
357 292 468 332 enim
486 304 647 344 magna
664 298 867 346 correpta
883 293 1089 346 cupidine
1111 293 1264 346 Regis,

682 202 727 232 Ρ.
757 194 915 232 ovimi
947 201 1161 233 NASONIS

1556 293 1641 334 575

252 358 470 412 Caecaque
492 360 535 399 in
553 359 634 399 hoc
656 371 743 399 uno
764 372 847 399 non
867 359 948 400 fuit
968 360 1043 399 illa
1063 361 1156 400 viro
1171 358 1205 412 3)
1222 360 1226 364 ’

196 424 337 465 Nocte
358 426 532 466 domum
551 438 687 478 parva
709 425 841 465 solita
861 429 926 465 est
946 425 1103 466 intrare
1126 427 1340 466 fenestra:

252 491 380 531 Unde
404 491 658 532 Fenestellae
679 491 854 532 nomina
875 496 999 544 porta
1017 495 1149 532 tenet.

197 557 326 598 Nunc
348 559 501 611 pudet,
523 563 566 599 et
585 560 730 599 vultus
752 559 962 599 velamine
984 559 1100 598 celat
1120 561 1314 598 amatos:

252 623 428 678 Oraque
448 629 548 666 sunt
567 626 703 666 multa
722 626 837 677 regia
856 629 970 665 tecta
985 629 1098 676 toga.

1556 620 1640 661 580

194 690 267 731 An
287 692 427 743 magis
447 696 517 731 est
535 705 699 741 verum,
720 697 824 745 post
843 692 960 731 Tulli
982 691 1128 731 funera
1148 692 1318 744 plebem

251 757 488 799 Confusam
508 758 676 809 placidi
697 762 830 796 morte
851 758 988 796 fuisse
1010 758 1168 798 ducis?

195 823 292 864 Nec
313 823 468 863 modus
490 824 604 862 ullus
626 825 736 861 erat:
768 823 993 861 crescebat
1013 823 1200 874 imagine
1220 825 1389 876 luctus3

250 890 407 930 Donec
426 902 520 928 eam
540 889 693 941 positis
713 888 940 927 occuluere
961 889 1089 939 togis.

192 956 341 996 Tertia
360 968 495 996 causa
515 955 621 994 mihi
643 955 789 1007 spatio
808 955 972 1008 majore
994 955 1190 995 canenda
1211 960 1298 996 est:

253 1021 349 1062 Nos
372 1026 515 1062 tamen
536 1021 748 1062 adductos
766 1021 881 1061 intus
902 1033 1079 1073 agemus
1098 1034 1253 1074 equos.

193 1088 356 1138 Tullia,
379 1088 600 1141 conjugio,
623 1088 800 1128 sceleris
820 1088 1033 1138 mercede,
1052 1093 1245 1141 peracto,

252 1155 341 1196 His
363 1155 494 1196 solita
513 1158 580 1195 est
598 1155 729 1195 dictis
750 1155 1028 1195 exstimulare
1043 1156 1179 1197 virum
1198 1169 1207 1195 z

192 1295 309 1327 Divum
321 1295 504 1324 conseruisse
520 1296 600 1324 latus
613 1294 754 1324 mortali:
778 1296 800 1334 (
802 1305 930 1334 namque
945 1295 1067 1325 incensa
1077 1298 1134 1332 est,
1144 1298 1226 1325 mota
1238 1304 1348 1333 magno
1361 1295 1509 1325 desiderio
1527 1295 1636 1335 Regis,

192 1340 283 1376 atque
298 1337 351 1366 illa
362 1346 420 1366 non
437 1336 505 1372 suit
521 1346 597 1365 cava
613 1337 712 1375 inillo
726 1337 787 1366 solo
800 1336 907 1374 τίνος)
930 1337 1084 1366 consuevit
1109 1336 1234 1373 ingredi
1258 1338 1379 1366 domum
1403 1340 1490 1368 nocte
1501 1347 1558 1376 per
1573 1338 1638 1368 exi-

190 1388 285 1417 guam
303 1377 497 1415 senestram;
521 1387 559 1407 ex
589 1386 644 1416 quo
664 1381 755 1416 porta
779 1378 867 1407 habet
897 1377 1020 1407 nomina
1046 1377 1235 1408 Fenesteltae.
1280 1378 1371 1408 Nunc
1389 1380 1498 1417 pudet,
1514 1383 1543 1409 et
1558 1380 1637 1418 tegit

186 1420 303 1459 faciem
317 1419 460 1449 dilectam
474 1419 633 1457 velamine,
648 1421 805 1458 vultusque
819 1419 901 1457 regii
916 1422 988 1449 sunt
1001 1419 1118 1449 conditi
1142 1421 1239 1448 multa
1253 1422 1343 1449 veste.
1389 1421 1440 1449 An
1450 1421 1565 1450 certius
1578 1424 1636 1461 est,

189 1462 334 1502 populum
360 1461 516 1491 turbatum
533 1461 635 1498 fuisse
659 1460 745 1491 obitu
768 1461 844 1491 lenis
862 1461 944 1499 regis
956 1464 1025 1500 post
1045 1460 1119 1498 fata
1136 1459 1255 1492 Tullii?
1299 1461 1417 1501 Neque·
1434 1462 1514 1492 ullus
1532 1464 1638 1494 modus

193 1507 259 1534 erat
272 1515 281 1534 .·
303 1503 388 1533 dolor
403 1502 573 1541 augebatur
586 1512 640 1542 per
654 1503 848 1534 simulacrum
865 1504 944 1543 ejus,
961 1505 1053 1533 donec
1068 1503 1145 1533 illud
1159 1503 1357 1533 condiderunt
1381 1503 1515 1535 vestibus
1535 1513 1638 1545 super-

192 1546 309 1576 stratis.
354 1545 459 1575 Tertia
473 1546 553 1574 ratio
567 1544 749 1584 proferenda
765 1549 808 1575 est
824 1556 842 1576 a
856 1555 901 1576 me
922 1545 1036 1583 majore
1050 1555 1140 1576 area:
1163 1555 1216 1575 nos
1229 1549 1330 1576 tamen
1345 1545 1532 1585 agitabimus
1546 1557 1638 1586 equos

192 1588 335 1629 impulsos
346 1587 440 1618 intus.
484 1587 598 1627 Tullia,
623 1588 764 1627 conjugio
781 1588 911 1628 proemz'o
919 1587 1073 1625 facinoris
1087 1587 1234 1628 absoluto,
1248 1589 1337 1618 solita
1360 1591 1405 1619 est
1418 1598 1530 1628 urgere
1544 1589 1639 1620 mari·

801 1683 1032 1694 nemmem

193 1747 250 1777 alii
266 1755 338 1777 cum
362 1746 452 1785 vulg.
482 1746 672 1777 Tana—575
698 1747 768 1777 Pro
785 1756 896 1785 magna
922 1746 1056 1786 plurimi
1072 1756 1208 1786 magno‚·
1230 1750 1373 1786 quatuor
1387 1746 1504 1786 magni.
1548 1747 1634 1778 Tum

192 1789 319 1819 Thuan.
335 1798 416 1819 corr.
443 1789 567 1819 libidine
585 1790 735 1820 R.——576
759 1789 799 1819 In
816 1790 868 1819 Fr.
895 1789 948 1819 hoc
963 1790 1024 1819 solo
1048 1799 1107 1819 non
1129 1792 1195 1819 erat
1221 1789 1374 1820 ill.—-578
1398 1790 1576 1820 Fenestelloe
1592 1799 1636 1820 ex

193 1830 407 1861 melioribus:
434 1835 468 1860 at
492 1831 586 1861 Voss.
611 1835 646 1861 et
669 1836 737 1861 tres
761 1831 817 1861 alii
834 1831 1037 1868 fenestratae;
1062 1831 1117 1861 alii
1136 1830 1325 1870 fenestrali3‚
1337 1830 1512 1870 senestrile,
1532 1831 1638 1869 fenes-

192 1874 285 1911 trale,
299 1875 459 1912 &sa—579
476 1873 516 1903 In
530 1883 602 1904 voc.
618 1874 707 1904 Nunc
719 1875 827 1913 pudet,
842 1873 895 1903 Fr.
914 1883 973 1913 pro
987 1883 1055 1904 var.
1074 1874 1152 1904 lect.
1169 1873 1228 1903 dat
1245 1873 1295 1903 Ne
1308 1874 1537 1913 pudeam—584
1554 1873 1635 1904 Eam.

192 1924 234 1944 ex
250 1915 444 1945 melioribus
463 1915 583 1945 Heius.
602 1916 732 1955 recepit
748 1925 809 1955 pro
828 1917 915 1955 vulg.
941 1925 1032 1950 cum:
1056 1916 1109 1946 Fr.
1126 1925 1202 1946 eum.
1227 1915 1374 1947 Quidam
1390 1916 1495 1946 Donec
1518 1925 1634 1955 compo·

191 1957 262 1986 sitis
273 1968 284 1993 ‚·
308 1957 369 1987 Be.
388 1957 569 1997 Compositis
583 1959 769 1995 concaluere,
783 1962 818 1988 et
829 1959 927 1988 Voss.
946 1967 1006 1997 pro
1021 1967 1089 1989 var,
1105 1958 1186 1988 lect.
1201 1958 1344 1989 evaluere.
1360 1958 1476 1988 Heius.
1491 1957 1635 1988 libenter

191 1998 322 2038 legeret
337 1999 443 2028 Donec
453 2009 519 2029 eam
531 2000 678 2039 appositis
693 2000 844 2030 invaluere
854 2000 1054 2039 ta›gz·s.—-585
1081 2001 1137 2030 Fr.
1153 2000 1250 2031 deest
1265 2002 1429 2030 est.-586
1452 1999 1633 2031 Pembroc.

191 2040 337 2070 admissos
352 2050 411 2079 pro
428 2042 582 2071 adauctos.
606 2042 693 2072 Laeti
719 2042 801 2072 Cod.
829 2046 865 2072 et
891 2052 940 2082 pr.
968 2041 1010 2072 A.
1040 2043 1084 2071 Et
1108 2052 1167 2072 non
1189 2043 1334 2072 adductos
1359 2042 1463 2077 intem
1485 2041 1549 2071 duo
1576 2041 1634 2071 alii

192 2081 293 2112 etiam
308 2082 412 2118 intem
434 2082 517 2113 alius
540 2086 782 2122 agamus.—-587
805 2083 898 2114 Libri
925 2084 1159 2124 castigatiores
1181 2087 1308 2124 peracto
1315 2093 1327 2119 ;
1348 2083 1454 2113 ceteri
1465 2085 1633 2122 parato.—

844 2196 983 2228 N-OTAE

232 2278 293 2306 575
317 2274 422 2314 Arsit]
446 2275 500 2305 Sic
528 2275 624 2314 vulgo
645 2276 823 2313 creditum,
839 2285 881 2306 ex

189 2335 229 2356 eo
245 2325 345 2365 forte,
360 2324 449 2365 quod
474 2325 522 2355 illi
547 2325 618 2365 regi
638 2325 782 2356 maxime
797 2324 882 2356 favit

189 2375 336 2406 fortuna.

230 2428 293 2455 576
317 2425 388 2454 Non
410 2424 494 2464 fuit]
516 2426 666 2456 Fortuna
692 2435 766 2466 quae
790 2435 882 2456 caeca

188 2474 266 2505 ideo
292 2474 425 2512 dicitur,
454 2475 542 2513 quod
574 2480 739 2506 merentes
770 2476 881 2515 depri—

187 2528 270 2563 mat,
286 2524 438 2563 indignos
456 2525 608 2563 extollat,
624 2525 657 2554 in
683 2524 798 2555 Tullio
815 2534 881 2555 non

187 2573 254 2604 fuit
278 2582 384 2612 caeca,
401 2582 475 2612 quae
492 2582 596 2613 usque
623 2573 710 2603 bene
734 2573 879 2604 merenti

187 2621 336 2662 propitia
351 2620 427 2652 fuit.

230 2674 293 2703 582
331 2670 511 2712 Confusam]
559 2671 742 2704 Turbatam
776 2672 878 2703 nimio

187 2730 348 2754 moerore.v

978 2278 1039 2306 583
1057 2274 1214 2314 Imagine]
1228 2274 1337 2305 Servii
1353 2274 1425 2305 viso
1439 2274 1630 2308 simulacro.

977 2329 1040 2356 586
1063 2326 1166 2366 Intus]
1187 2325 1365 2356 Utminori
1381 2335 1465 2366 gyro
1480 2331 1630 2359 currant.

936 2375 1090 2415 Metaph.
1108 2384 1127 2405 a
1139 2375 1250 2413 Circo,
1265 2384 1342 2415 qua,
1357 2378 1541 2416 utcumque
1556 2376 1630 2416 plu-

935 2425 1038 2464 ribus,
1062 2435 1159 2466 quam
1186 2424 1260 2455 fieri
1287 2424 1393 2463 possit
1419 2429 1531 2456 tamen
1554 2425 1629 2456 bre-

935 2476 1067 2507 vissime
1091 2479 1244 2506 acturum
1271 2475 1452 2513 Nasonem,
1470 2474 1629 2515 intelligi-

934 2529 998 2556 tur.

975 2578 1037 2606 587
1064 2575 1182 2613 Tullia]
1206 2574 1313 2604 Servii
1333 2574 1433 2604 Tullii
1457 2574 1628 2606 scelestis-

933 2625 1015 2655 sima
1032 2624 1110 2655 filia.

977 2674 1139 2713 eonjugio]
1162 2675 1238 2706 Quo
1262 2674 1409 2705 moribus
1428 2673 1527 2705 simili
1544 2674 1637 2707 Tar--

932 2723 1046 2766 quinio
1062 2723 1214 2765 Superbo
1227 2723 1339 2755 Tullia
1349 2723 1473 2767 juncta
1485 2728 1552 2756 est.
