1773 3121
167 228 281 270 2222
650 239 884 270 P.ovinn
916 238 1129 271 NAsole

168 332 317 386 thue
335 332 583 382 resurrexit,
604 332 781 374 foedatis
802 334 982 386 pulvere
1002 335 1116 388 turpi

225 399 444 448 Crinibus,
467 402 508 439 et
529 398 674 451 gelida
697 401 888 440 membra
907 401 1068 440 levavit
1090 402 1221 441 humo
1240 414 1251 452 ;

169 467 227 508 Se
247 466 394 515 modo,
415 465 607 505 desertos
629 466 759 505 modo
781 468 1079 519 complorasse
1103 466 1317 519 Penates;
1560 466 1618 508 95

225 533 396 574 Nomen
419 537 461 573 et
480 533 612 585 erepti
636 545 756 585 saepe
778 546 962 573 vocasse
986 533 1090 573 viri:

169 599 268 640 Nec
291 600 509 652 gemuisse
531 599 688 648 minus,
709 613 839 652 quam
862 601 895 639 si
918 604 1091 639 nataeve
1111 612 1310 641 meumve

225 666 426 707 Vidisset
447 671 635 707 structos
664 681 820 720 corpus
840 668 994 707 habere
1014 680 1165 720 rogos:

169 734 226 775 Et
244 734 433 775 voluisse
456 735 578 784 mori,
603 739 642 774 et
665 734 883 774 moriendo
905 747 1063 785 ponere
1086 746 1268 774 sensus:

227 801 544 853 Respectuque
566 804 712 838 tamen
734 811 817 837 non
845 799 1048 849 posuisse
1069 801 1166 841 mei.
1537 798 1621 841 100

168 867 334 909 Vivat:
365 870 406 906 et
427 866 665 914 absentem,
693 864 894 923 quopiam
917 864 980 904 sic
1001 865 1093 904 fata
1112 865 1313 917 tulerunt,

227 933 379 983 Vivat,
401 937 443 974 et
464 933 629 973 auxilio
651 932 847 972 sublevet
865 944 1004 984 usque
1027 944 1119 971 suo.

171 1074 264 1105 ducta
278 1073 337 1103 mei
351 1073 463 1102 dolore.
511 1072 555 1101 Et
580 1074 738 1112 postquam
764 1072 900 1103 excitata
927 1076 984 1112 est,
1005 1082 1089 1103 coma
1104 1071 1218 1110 infecta
1233 1071 1368 1103 obscoeno
1383 1072 1517 1111 pulvere,
1532 1074 1623 1112 atque

170 1116 294 1146 sustulit
309 1118 397 1145 artus
423 1117 506 1143 terra
525 1113 661 1152 frigida,
675 1114 830 1154 deflet-isse
851 1117 938 1146 modo
960 1125 1001 1152 se,
1025 1116 1111 1145 modo
1137 1116 1300 1145 destitutos
1325 1115 1472 1152 Penates,
1498 1117 1527 1144 et
1543 1123 1624 1154 saepe

169 1159 281 1189 citasse
294 1167 401 1187 nomen
417 1156 523 1186 mariti
538 1156 650 1186 sublati
661 1168 670 1186 .·
694 1167 788 1196 neque
805 1158 904 1188 minus
912 1158 1077 1196 gemuisse,
1095 1168 1182 1197 quam
1197 1158 1224 1186 si
1236 1158 1360 1187 vidisset
1376 1166 1469 1196 pyras
1483 1159 1622 1187 exstruc-

171 1204 220 1230 tas
242 1200 351 1230 habere
379 1208 476 1228 meum
499 1209 617 1238 corpus,
643 1199 691 1229 vel
707 1209 828 1239 corpus
845 1201 950 1239 filice:
973 1203 1003 1230 et
1028 1201 1157 1230 voluisse
1180 1200 1271 1237 mori,
1295 1203 1325 1230 et
1351 1200 1493 1230 ‹inlittere
1520 1208 1624 1230 sensus

171 1242 350 1277 moriendo;
374 1245 403 1271 et
418 1244 521 1271 tamen
544 1251 603 1270 mm
630 1242 766 1271 amisisse
787 1242 820 1272 in
836 1253 933 1272 meam
952 1243 1099 1280 gratiam.
1150 1242 1245 1273 Vivat
1255 1253 1267 1278 ;
1290 1245 1320 1272 et
1336 1241 1485 1281 siquidem
1498 1241 1545 1272 ita
1551 1240 1625 1280 fors

172 1285 256 1325 tulit,
270 1285 355 1314 vivat
370 1286 400 1313 et
413 1292 529 1322 semper
542 1285 693 1312 sustentet
708 1283 861 1312 absentem
874 1284 992 1313 auxilio
1007 1293 1069 1313 sao.

792 1373 1025 1384 eeeeeeeeeeee

174 1441 369 1471 ΒΗΜΛ-94
392 1438 435 1468 V.
452 1437 542 1467 Crin.
566 1436 687 1475 egelida
713 1436 837 1466 membr.
868 1440 937 1466 tres
965 1439 996 1466 et
1021 1437 1164 1473 madida;
1188 1446 1272 1467 unus
1299 1437 1497 1469 media.—-95
1523 1438 1622 1470 Leid.

173 1483 251 1513 mod.
263 1482 426 1518 desertam,
438 1481 518 1510 morl.
533 1479 617 1509 Mox
633 1480 831 1519 complorasse
850 1478 967 1508 Heins.
985 1488 1025 1509 ex
1043 1480 1193 1518 plurimis
1210 1484 1291 1510 vett.
1309 1480 1440 1520 recepit
1455 1490 1517 1520 pro
1533 1482 1625 1521 vulg.

172 1525 441 1565 deplorasse—99
467 1522 510 1552 Et
525 1522 672 1552 moriemi.
697 1522 813 1551 Burin.
831 1520 947 1551 scribit
965 1530 1006 1551 ex
1022 1522 1102 1553 Juu.
1125 1526 1161 1552 et
1178 1522 1267 1552 Mor.
1285 1523 1409 1552 ceteris
1421 1521 1457 1552 τὸ
1471 1525 1501 1554 et
1517 1523 1625 1556 deest.

173 1569 280 1598 -100
296 1565 438 1595 Posuisse
454 1573 496 1594 ex
513 1574 578 1594 uno
597 1563 730 1594 Gallico
748 1564 861 1603 placet
874 1563 992 1594 Heius.
1011 1564 1072 1594 nisi
1086 1565 1181 1594 malis
1193 1565 1342 1595 valuisse:
1366 1565 1455 1605 vuig.
1477 1566 1625 1605 periisse:

175 1614 319 1650 quatuor
349 1608 596 1638 ramme—102
623 1607 697 1636 Non
730 1606 843 1645 placet
872 1606 1031 1645 repetitio
1046 1607 1102 1636 τοῦ
1123 1607 1223 1637 Vivat.
1271 1607 1343 1638 Nec
1361 1609 1484 1646 juvant
1509 1611 1626 1639 tamen

174 1652 251 1682 libri
269 1654 412 1680 veteres.
459 1648 511 1679 An
527 1650 630 1687 Jutet,
648 1658 722 1688 pro,
740 1648 883 1688 adjuret,
899 1649 1083 1687 scripserat
1111 1648 1260 1679 Noster?
1281 1659 1321 1679 an
1339 1650 1385 1680 Dz‘
1409 1651 1481 1680 dent
1507 1650 1626 1681 auxilio

174 1693 248 1724 subl.
264 1703 295 1723 u.
312 1702 335 1723 s.
360 1693 424 1728 vel,
446 1692 490 1722 Di
505 1690 607 1728 facite
619 1691 761 1727 auxilio;
786 1691 838 1720 vel
855 1692 926 1721 date
941 1696 972 1721 u!
991 1691 1117 1722 auxilio.
1150 1691 1314 1731 Scaliger,
1333 1692 1433 1722 Tutet.
1477 1693 1541 1723 Sed
1557 1702 1625 1723 non

176 1734 373 1776 persuadet.
399 1734 512 1764 Heius.
559 1734 761 1773 Corruptum
787 1734 896 1764 lor-um
926 1743 997 1763 esse
1025 1738 1182 1764 constat:
1214 1744 1323 1774 neque
1340 1734 1427 1765 enim
1442 1735 1527 1766 vivat
1542 1735 1625 1766 illud

176 1778 325 1809 secundo
342 1777 416 1807 loco
440 1776 587 1816 positum
619 1785 751 1806 sensnm
775 1774 858 1806 facit
884 1775 1104 1807 commodum.
1148 1776 1348 1807 Desiderari
1366 1786 1445 1807 vero
1473 1777 1624 1818 verbnm,

176 1820 266 1861 quod
281 1823 361 1850 amet
378 1822 486 1858 notet,
499 1819 549 1848 vei
567 1818 687 1857 simile,
702 1828 744 1848 ex
762 1818 833 1848 loco
850 1818 949 1858 plane
965 1818 1109 1858 gemino,
1125 1819 1182 1849 lib.
1199 1828 1233 1849 v.
1252 1819 1347 1859 Eleg.
1364 1829 1398 1850 v.
1414 1822 1467 1850 23.
1492 1820 1628 1860 colligo,

175 1865 183 1878 ‘
200 1863 303 1893 Vivat
319 1867 478 1901 ametque
493 1862 612 1899 virum,
626 1861 781 1902 quoniam
796 1861 843 1891 sic
860 1861 1006 1900 cogitur,
1021 1861 1163 1892 absens.'
1180 1861 1281 1892 Forte
1299 1862 1489 1902 scripserit,
1504 1862 1626 1903 Servet,

176 1909 206 1936 et
236 1905 366 1944 auaeilio,
391 1906 443 1944 ᾇτ’.
479 1904 641 1934 Francius
667 1903 816 1943 volebat,
842 1903 903 1934 Illa
923 1903 1022 1934 virum
1045 1904 1176 1944 auxilio,
1199 1905 1250 1944 &a
1275 1905 1390 1935 Burm.

832 2010 972 2042 NorAE
1020 2046 1022 2048 v

220 2098 259 2126 91
287 2095 446 2134 Tenebris]
475 2095 661 2136 Caliginem
682 2097 780 2139 dicit,
796 2107 870 2139 quae
975 2100 1016 2128 98
1040 2096 1161 2136 Rogas]
1198 2096 1404 2127 Cremabant
1420 2098 1627 2127 mortuorum

179 2144 279 2178 animi
295 2145 477 2175 comitatur
487 2145 682 2186 deliquium.
934 2145 1100 2177 cadavera
1114 2150 1246 2177 veteres
1260 2155 1269 2184 3
1292 2144 1341 2176 uti
1353 2143 1472 2175 millies
1487 2144 1626 2178 dictum.
