1773 3121
169 243 283 284 :2196

655 255 696 285 P.
729 254 886 285 OVlDII
923 253 1135 285 NASONIS

172 347 271 388 Nec
294 351 335 389 te
356 360 577 401 purpureo
593 347 736 388 velent
754 349 959 389 vaccinia
978 349 1104 389 fuco:
1598 351 1627 392 5

230 415 332 456 Non
354 419 420 456 est
438 415 699 455 conveniens
718 416 912 457 luctibus
933 417 1003 457 ille
1024 417 1164 457 color,
1542 427 1544 431 ’

173 482 270 523 Neo
297 483 446 522 titulus
467 482 615 532 minio,
638 496 716 523 nec
739 483 866 524 cedro
888 485 1037 537 charta
1057 486 1254 524 notetur:

228 549 427 590 Candida
447 562 529 590 nee
550 551 670 603 nigra
691 564 852 592 cornua
871 552 1013 592 fronte
1035 564 1175 604 geraS.

172 617 342 657 Felices
364 620 516 656 ornent
535 617 631 658 haee
653 619 933 659 instrumenta
949 619 1121 658 libellos
1140 632 1148 658 1

229 684 432 724 Fortunae
454 697 690 725 memorem
711 690 750 726 te
772 686 901 727 decet
918 699 1015 726 esse
1036 698 1159 725 meae.

1570 682 1625 722 10

170 751 267 792 Nee
287 751 427 803 fragili
447 752 629 804 geminae
652 753 871 804 poliantur
890 754 1065 805 pumice
1086 753 1265 801 frontes,

228 818 439 858 Hirsutus
459 819 608 870 passis
628 822 675 857 ut
697 817 874 858 videare
895 820 1046 858 comis.

167 969 338 999 purpureo:
361 959 420 989 iste
436 959 517 989 color
531 969 589 989 non
607 963 653 989 est
679 968 833 997 congruus
855 958 1046 990 maeroribus.
1092 959 1201 999 Neque
1216 959 1328 990 titulus
1349 959 1505 1000 inficiatur
1521 956 1625 994 minio,

169 1012 261 1041 neque
275 1012 411 1042 papyrus
426 1003 531 1032 cedro:
554 1012 648 1041 neque
663 1002 755 1039 ferus
780 1011 892 1032 cornua
907 1002 977 1032 alba
995 1001 1104 1039 fronte
1118 1006 1198 1033 atra.
1245 1001 1325 1032 Haec
1340 1003 1517 1032 ornamenta
1539 1001 1628 1030 deco-

169 1048 238 1074 rent
253 1044 370 1075 libellos
387 1044 501 1074 beatos.

167 1088 291 1126 pagina?
322 1087 505 1126 laevigentur
524 1085 641 1126 fragili
665 1088 799 1127 pumice,
821 1090 856 1117 ut
882 1087 1019 1118 videaris
1044 1087 1184 1128 hispidus
1211 1087 1332 1128 capillis
1361 1087 1483 1127 sparsis

549 1045 592 1074 Te
620 1045 705 1074 decet
728 1055 789 1074 non.
814 1054 878 1075 esse
904 1044 1034 1075 oblitum
1060 1045 1121 1075 mei
1146 1044 1322 1083 infortunii.
1369 1045 1475 1084 Neque
1490 1043 1627 1083 duplices

1538 1085 1626 1115 Neve

776 1187 852 1198 me
855 1187 1009 1199 mme-

168 1267 210 1287 ex
227 1257 304 1288 Pol.
321 1257 508 1296 Hamburg.
522 1258 563 1287 V.
581 1261 617 1288 et
633 1256 706 1287 aliis
724 1267 785 1297 pro
803 1258 893 1297 vulg.
909 1262 1071 1289 succo.—7
1090 1261 1152 1292 Ro.
1168 1261 1266 1290 chart.
1281 1263 1446 1297 notentuoe
1468 1262 1624 1298 venuste,
1645 1288 1648 1290 ,

162 1299 284 1340 judice
311 1300 429 1329 Heius.
457 1305 492 1330 et
519 1300 553 1330 in
581 1309 647 1329 uno
674 1299 767 1330 Med.
800 1310 862 1339 pro
887 1299 1022 1331 diversa
1050 1302 1195 1332 lectione
1225 1302 1342 1340 ligetur
1366 1311 1427 1341 pro
1451 1303 1625 1332 linatur.—

169 1345 208 1373 12
232 1341 356 1381 Sparsis
373 1343 459 1381 vulg.
479 1346 513 1372 at
528 1343 537 1358 ‘
551 1342 652 1380 passis
667 1341 834 1371 editiones
859 1342 1008 1381 antiqua?
1024 1349 1056 1372 et
1081 1345 1169 1374 inter
1191 1344 1336 1382 scriptos
1352 1344 1486 1374 codices
1502 1344 1598 1374 multi
1615 1354 1625 1381 ;

169 1383 293 1425 probe:
327 1383 408 1413 niliil
436 1383 645 1424 frequentius
671 1382 819 1413 occurrit
848 1383 937 1422 apud
966 1384 1137 1415 Nasonem
1156 1395 1166 1415 x
1199 1385 1410 1421 Hafniensis,
1434 1396 1546 1423 comas,
1561 1395 1624 1426 pro

168 1427 302 1457 diversa
316 1426 486 1456 lectione:
526 1430 562 1455 ut
578 1426 703 1456 usitato
727 1424 916 1455 Gr-aecismo
942 1425 1102 1456 videatur
1124 1427 1366 1466 reponendum,
1389 1427 1543 1457 Hirsutns
1555 1438 1626 1467 pas-

166 1479 215 1500 sas
229 1472 264 1499 ut
279 1469 403 1499 videare
418 1478 528 1498 contos.
554 1478 630 1498 mox
648 1467 750 1499 etiam
775 1467 888 1498 sentiet
904 1468 1084 1500 meliores!
1111 1470 1221 1500 Heins.
1267 1470 1318 1500 Ne
1340 1470 1463 1500 videare
1491 1469 1626 1503 volebat

826 1575 854 1606 N
863 1575 965 1607 OTAE

165 1650 319 1689 scilieet3
348 1655 451 1692 atque
474 1651 775 1683 commiserationis
797 1660 866 1682 mo-

166 1702 284 1733 vendae
299 1712 413 1733 causa.

207 1756 227 1784 4
252 1752 373 1792 Hujus]
395 1754 470 1786 Quo
487 1763 552 1783 non
566 1753 638 1783 sine
654 1754 749 1784 luctu
768 1753 868 1784 maxi-

165 1813 232 1843 mo,
246 1804 376 1842 Tomis,
390 1804 583 1843 longissime
602 1814 620 1834 a
635 1804 758 1844 patria,
776 1801 867 1835 inte'r

166 1853 385 1885 barbarorum
427 1854 601 1894 barbaros,
632 1855 737 1885 vitam
773 1864 867 1885 suam

165 1904 260 1935 Naso
277 1905 445 1936 trahebat.
484 1906 685 1946 Quanquam
703 1910 815 1936 autem
832 1906 866 1936 in

164 1955 280 1994 primis
312 1956 403 1986 exilii
438 1966 572 1987 causam
605 1956 866 1996 prudentissime

165 2005 365 2043 dissimulat,
389 2007 500 2036 nullus
522 2006 641 2037 dubito
667 2008 747 2048 quin
766 2017 867 2048 prop-

167 2058 220 2085 ter
250 2056 352 2087 Juliae
380 2066 509 2087 amores
537 2057 615 2087 illuc
642 2058 683 2088 ab
712 2057 866 2098 Augusto

165 2105 343 2145 ablegatus
359 2106 473 2137 fuerit.

209 2158 226 2185 5
257 2155 419 2195 Vaccinia]
462 2156 580 2186 Violas
603 2166 675 2187 esse
704 2158 864 2198 purpurei

164 2205 287 2236 eoloris
318 2205 439 2236 scribit
459 2206 617 2236 Servius:
644 2207 773 2236 Plinius
798 2206 866 2237 fru-

165 2255 267 2286 ticem
296 2255 330 2285 in
354 2255 465 2285 Gallia
482 2265 699 2295 purpureum.
737 2257 868 2287 Volunt

164 2305 459 2336 nonnulli—baccas
488 2315 562 2336 esse
587 2306 701 2346 ing-ras
719 2306 867 2346 ligustri,

165 2365 240 2396 quae
266 2355 369 2386 etiam
395 2356 575 2396 scriptorio
604 2361 793 2387 atramento
821 2357 868 2387 iu-

166 2406 328 2436 serviunt.
355 2406 422 2437 Alii
440 2417 530 2436 mora
548 2407 710 2447 agrestia,
723 2418 864 2448 quorum

165 2455 300 2496 quidem
319 2466 436 2486 succus
456 2467 654 2497 purpureus
685 2458 864 2489 Salmasius

168 2505 402 2546 Hyacinthum
435 2518 508 2537 esse
537 2509 683 2539 credidit
713 2510 768 2550 qui
799 2510 864 2541 Iris

166 2560 201 2586 et
218 2555 394 2586 Gladiolus
420 2556 555 2587 (licitur.
595 2558 685 2588 Niliil
713 2560 796 2589 certi
821 2560 864 2590 vi-

167 2605 242 2636 deo.

209 2655 308 2695 Fuco]
332 2655 407 2687 Quo
434 2655 508 2685 libri
539 2660 675 2695 tegmen
702 2655 863 2688 inf-ectum

166 2709 268 2736 esset.

208 2757 227 2786 7
252 2755 371 2795 Minio]
398 2757 541 2787 Minium
571 2756 782 2797 pigmentum
813 2764 865 2789 est

165 2815 223 2836 seu
247 2807 339 2837 color
353 2806 518 2849 factitius,
530 2807 704 2839 cinnabari
726 2818 793 2840 non
812 2809 867 2840 ab·

922 1651 1054 1692 similis,
1071 1661 1115 1683 ex
1138 1651 1307 1692 Hispania
1321 1651 1465 1692 primum
1481 1651 1624 1691 allatus;

921 1712 987 1743 quo
999 1702 1240 1743 inscriptiones
1252 1710 1312 1732 seu
1326 1700 1445 1733 titulos
1459 1701 1623 1733 decorare

922 1757 1182 1785 consueverant.

966 1804 1080 1845 Cedro]
1104 1803 1207 1834 Cedri
1226 1812 1328 1834 succo
1355 1807 1413 1834 aut
1437 1802 1512 1834 oleo
1532 1802 1626 1835 liniri

922 1856 1067 1894 chartas,
1084 1855 1315 1886 diuturnitatis
1337 1860 1373 1887 et
1396 1855 1626 1886 conservatio-

921 1907 971 1937 nis
987 1907 1127 1946 acarie,
1153 1911 1188 1937 et
1215 1906 1327 1937 odoris
1355 1915 1450 1946 ergo,
1475 1909 1625 1938 testatur

921 1956 1065 1988 Plinius.

963 2010 982 2038 8
1001 2006 1139 2047 Cornua]
1155 2007 1309 2047 Cylindri
1326 2016 1385 2037 seu
1401 2006 1519 2037 bacilli
1532 2010 1623 2037 tere-

921 2058 965 2088 tis
993 2062 1146 2088 extrema
1162 2057 1248 2088 dicit
1270 2067 1347 2098 quae
1375 2057 1461 2088 libro
1483 2057 1624 2088 circum-

923 2108 1036 2138 voluto
1053 2117 1200 2148 superne
1221 2111 1323 2148 atque
1347 2106 1477 2137 inferne
1498 2106 1624 2137 emine-

921 2156 1022 2196 bant;
1047 2166 1208 2197 auroque,
1225 2161 1260 2187 et
1276 2160 1432 2195 argeum,
1449 2156 1501 2186 vel
1517 2156 1621 2188 etiam

921 2206 995 2236 aliis
1027 2207 1127 2236 rebus
1155 2206 1375 2237 decorabant.
1418 2206 1624 2238 Scribebant

921 2255 1008 2285 enim
1027 2261 1158 2285 veteres
1183 2256 1217 2285 in
1240 2256 1348 2286 altera
1373 2260 1506 2286 tantum
1526 2257 1622 2297 pagi-

920 2314 1038 2336 narum
1051 2305 1201 2343 facie‚ad
1217 2306 1313 2346 cujus
1329 2310 1460 2345 partem
1473 2306 1621 2338 infimam

920 2355 1108 2395 cedrinum,
1137 2356 1337 2394 eburneum,
1368 2361 1426 2386 ant
1458 2367 1500 2388 ex
1532 2357 1622 2398 ejus-

920 2406 1009 2437 modi
1033 2407 1176 2438 materia
1193 2407 1348 2437 bacillum
1364 2407 1456 2437 illurn
1477 2408 1624 2448 aggluti-

920 2457 1056 2488 nabaut.
1096 2457 1302 2488 Umbilicuin
1319 2462 1429 2487 autem
1447 2458 1537 2498 quod
1559 2459 1621 2498 pli-

919 2512 995 2538 cato
1028 2509 1193 2538 volumine
1222 2512 1312 2538 esset
1337 2508 1466 2538 medius
1491 2509 1619 2540 dictum

922 2559 1109 2588 voluerunt.

964 2608 1095 2648 Fronte]
1142 2608 1282 2648 Pagina,
1311 2618 1384 2649 quae
1416 2609 1494 2640 ideo
1522 2609 1620 2650 nigra

922 2660 1010 2700 quod
1027 2662 1139 2690 luctu-s
1157 2660 1280 2691 indicia
1296 2660 1450 2691 haberet.

963 2712 983 2740 9
1009 2711 1234 2750 Instrumenta]
1257 2710 1471 2741 Ornamenta
1485 2710 1583 2742 dicit.

937 2794 941 2796 ,
965 2763 1003 2792 11
1029 2760 1185 2800 Geminoe]
1210 2760 1358 2792 Interior
1373 2764 1410 2791 et
1424 2761 1585 2792 exterior.

967 2811 1108 2851 Pumice]
1138 2812 1187 2843 Eo
1213 2811 1331 2852 lapide·
1348 2811 1382 2843 in
1404 2809 1617 2853 expoliendis
