1773 3121
202 218 220 259 l
229 217 316 260 922

682 230 726 262 P.
756 229 914 261 OVIDII
947 228 1162 262 NASONIS

201 321 334 364 Nunc
354 335 543 377 quoque,
565 334 612 364 se
628 336 764 377 supra
782 338 835 366 ne
853 325 956 379 quid
976 325 1061 366 nisi
1077 325 1221 367 sidera
1239 331 1402 377 cernat,

257 388 478 442 Exiguum
496 390 648 442 templi
668 394 786 432 tecta
804 391 997 433 foramen
1016 392 1187 434 habent.

200 454 415 506 Termine,
436 461 537 509 post
555 456 663 497 illud
682 458 841 499 levitas
861 459 938 499 tibi
959 459 1099 500 libera
1116 472 1202 500 non
1219 462 1299 501 est.

257 521 364 572 Qua
382 524 554 576 positus
573 523 709 565 fueris
728 525 775 566 in
794 526 988 577 statione,
1008 540 1148 568 mane.

202 587 300 630 Nec
320 592 369 630 tu
389 590 533 631 vicino
552 592 788 645 quicquam
808 594 999 635 concede
1018 593 1212 647 roganti3

1558 591 1644 633 675

256 655 330 697 Ne
347 656 524 698 videare
541 658 761 699 hominem
780 661 1073 714 praeposuisse
1089 660 1118 702 J
1123 661 1210 702 ovi.

200 721 258 763 Et
279 735 360 764 seu
377 725 642 776 vomeribus,
662 739 739 767 seu
753 729 801 767 tu
820 727 1044 779 pulsabere
1062 727 1216 768 rastris
1232 739 1245 779 3

255 789 472 841 Clamato,
497 791 626 832 Meus
645 796 710 833 est
729 793 799 833 hic
820 806 936 845 ager,
957 793 1033 834 ille
1051 798 1169 835 tuus,

198 853 278 896 Est
296 856 383 906 via,
402 870 500 910 quae
519 858 731 910 populum
750 858 989 898 Laurentes
1012 858 1131 899 ducit
1148 860 1193 899 in
1211 871 1357 912 agros,

255 920 493 971 Quondam
509 923 734 964 Dardanio
755 936 889 976 regna
908 923 1049 976 petita
1069 923 1186 965 duci.

1558 923 1644 966 680

198 989 307 1031 Illac
327 990 505 1044 lanigeri
525 990 701 1045 pecoris
723 990 820 1041 tibi,
851 991 1066 1042 Termine,
1086 991 1207 1034 fibris

254 1055 394 1099 Sacra
411 1056 532 1098 videt
549 1057 645 1099 fieri
665 1060 821 1099 sextus
842 1058 898 1099 ab
919 1057 1039 1100 Urbe
1057 1058 1186 1112 lapis.

195 1162 298 1195 videat
312 1174 405 1205 supra
415 1164 478 1196 nisi
486 1169 584 1204 astra,
596 1169 678 1197 tecta
687 1167 795 1207 templi
807 1167 918 1199 habent
930 1177 1060 1207 parvum
1067 1167 1222 1206 foramen.
1247 1166 1398 1206 Termine,
1409 1169 1475 1207 post
1485 1165 1562 1198 illud
1574 1165 1646 1198 fac-

196 1210 281 1245 tum,
293 1207 401 1238 levitas
409 1217 469 1238 non
479 1211 524 1238 est
536 1208 593 1238 tibi
604 1218 751 1240 concessa.
774 1209 834 1239 Sta
844 1209 877 1240 z'n
888 1211 961 1248 loco,
972 1219 1028 1249 quo
1032 1210 1136 1248 fueris
1146 1209 1339 1240 constitutus.
1356 1210 1464 1249 Neque
1475 1212 1509 1240 tu
1519 1209 1647 1249 indulge

195 1250 356 1289 quicquam
365 1249 465 1280 vicino
473 1250 591 1290 petenti
599 1260 610 1286 ,·
626 1260 665 1281 ne
674 1251 807 1281 videaris
813 1252 866 1290 plu
871 1251 913 1281 ris
916 1251 1030 1289 fecisse
1040 1252 1192 1282 hominem
1203 1261 1292 1291 quam
1303 1252 1422 1282 Jovem.
1448 1251 1493 1281 Et
1501 1251 1565 1282 sive
1574 1254 1647 1282 tan·

193 1292 284 1329 garis
297 1291 475 1331 vomeribus,
487 1301 542 1323 seu
555 1292 676 1331 rastris,
689 1292 883 1332 vociferator,
899 1293 969 1324 Hoc
983 1302 1090 1324 arvum
1100 1296 1144 1323 est
1156 1302 1266 1333 meum,
1280 1293 1357 1323 illud
1374 1296 1472 1323 tunm.
1511 1293 1567 1322 Est
1582 1292 1645 1331 via,

195 1343 262 1373 quoe
278 1333 363 1363 ducit
372 1334 516 1372 populum
530 1334 564 1364 in
577 1344 697 1374 campos
711 1334 894 1375 Laurentes,
908 1345 1003 1374 regna
1014 1335 1142 1375 quaesita
1157 1335 1230 1366 olim
1245 1346 1264 1365 a
1276 1344 1348 1373 rege
1359 1333 1533 1366 Dardanio.
1563 1333 1645 1364 Sex-

195 1380 246 1406 tus
260 1374 338 1415 lapis
351 1375 391 1406 ab
409 1375 490 1407 Urbe
504 1379 622 1415 spectat
629 1385 717 1406 sacra
731 1376 791 1408 tibi
800 1376 914 1414 referri
925 1378 958 1408 in
968 1377 1024 1408 illa
1035 1377 1090 1408 via
1102 1377 1186 1409 extis
1196 1377 1315 1418 pecoris
1328 1376 1476 1416 lanigeri,
1489 1376 1642 1408 Termine.

803 1459 820 1470 ο
824 1458 839 1470 e
844 1459 1037 1471 eeneeeaeeo

193 1512 384 1542 nent.——674
399 1509 542 1542 Plurimi
557 1510 678 1552 scripti
685 1511 1058 1550 fueras...maneS.—678
1070 1511 1125 1543 Sic
1141 1511 1325 1552 Gottorph.
1341 1514 1377 1542 et
1392 1520 1478 1542 unus
1495 1510 1592 1543 Med.
1608 1515 1647 1543 at

196 1553 286 1592 vulg.
297 1553 429 1584 Clamat.
439 1556 509 1584 tuus
519 1554 608 1586 e.h.a.
616 1554 639 1585 i.
650 1557 731 1586 tuus.
739 1554 793 1585 alii
805 1554 940 1593 plurimi
951 1557 1125 1586 tuus...suus
1134 1565 1147 1592 ;
1159 1555 1212 1586 vel
1223 1557 1403 1585 suus...tuus
1411 1564 1422 1584 .·
1433 1554 1552 1585 Heins.
1562 1553 1646 1584 mal-

194 1595 244 1626 let
257 1595 349 1626 Meus
363 1598 419 1636 est,
435 1600 480 1627 est
495 1606 524 1627 α.
539 1596 563 1626 z’.
578 1599 781 1628 meus.—679
804 1597 894 1627 Mor.
909 1600 945 1627 et
961 1600 1104 1636 quatuor
1127 1596 1184 1628 alii
1205 1606 1273 1637 quoe
1284 1596 1410 1636 populos
1424 1595 1569 1627 L.—680
1584 1596 1644 1627 Fr.

195 1646 269 1667 cum
297 1638 359 1668 Be.
385 1642 422 1668 et
446 1637 519 1668 aliis
542 1641 627 1669 terra
652 1648 714 1679 pro
738 1648 847 1678 regna.
891 1638 983 1670 Dein
999 1638 1065 1670 duo
1087 1639 1186 1679 petitu
1199 1649 1211 1675 ;
1244 1643 1280 1669 et
1295 1647 1379 1669 unus
1391 1639 1642 1678 petenda.—681

194 1679 314 1712 Heius.
329 1679 462 1721 recepit
476 1680 556 1712 Illac
569 1690 613 1713 ex
627 1680 759 1714 Arund.
773 1680 873 1714 multi
891 1684 978 1713 vett.
993 1690 1071 1714 cum
1087 1681 1187 1713 editis
1202 1681 1276 1722 Illa,
1292 1685 1329 1713 et
1345 1679 1497 1712 nonnulli
1516 1679 1645 1712 Illic.—

849 1774 992 1809 NOTAE

234 1851 298 1881 669
321 1848 511 1890 Conventus]
544 1849 702 1891 Augures
731 1849 821 1882 enim
849 1848 892 1881 de

193 1906 394 1940 unaquaque
409 1908 466 1931 ara
478 1900 701 1932 consulendos
710 1901 806 1933 Deos
824 1903 892 1931 sta-

194 1952 343 1986 tuerunt,
358 1958 402 1979 an
424 1959 461 1980 se
485 1950 614 1981 moveri
636 1950 717 1982 loeo
727 1949 892 1982 concede-

192 2002 280 2029 rent.

235 2050 298 2078 672
322 2047 489 2089 Foramen]
524 2048 535 2066 ‘
550 2049 592 2080 In
619 2047 811 2090 Capitolio‚'
838 2048 888 2078 in-

193 2096 265 2137 quit
276 2096 426 2137 Servius,
442 2098 451 2115 ‘
468 2107 614 2139 superna
634 2107 713 2138 pars
729 2097 815 2129 tecti
829 2106 888 2137 pa·

192 2149 256 2183 tet,
268 2155 341 2187 quae
352 2146 502 2187 lapidem
514 2149 624 2188 ipsum
634 2148 783 2179 Termini
794 2157 888 2189 spec-

192 2200 267 2227 tat:
291 2205 368 2228 nam
384 2197 543 2229 Termino
564 2208 630 2230 non
649 2198 713 2229 nisi
734 2199 795 2229 sub
809 2198 887 2229 divo

193 2245 473 2279 sacrificabatur!
510 2248 630 2289 Neque
645 2247 724 2279 huic
739 2248 813 2287 soli,
825 2247 886 2279 sed

193 2295 322 2326 numini
343 2296 460 2337 cuivis,
479 2297 514 2328 iu
541 2298 615 2328 loco
643 2296 806 2337 fulgurito
830 2297 886 2328 cui

191 2355 249 2376 ara
265 2351 381 2377 erecta
392 2351 492 2387 esset,
508 2347 579 2379 sine
592 2347 740 2387 tegmine
751 2350 886 2378 veteres

194 2395 377 2428 faciebant.

234 2447 297 2475 673
320 2445 419 2486 Illud]
442 2445 555 2487 Quod,
570 2445 643 2478 scil.
659 2446 738 2479 Jovi
751 2445 814 2487 ipsi
830 2456 888 2478 no-

192 2495 256 2529 luit
269 2495 406 2527 cedere.

235 2548 298 2578 6⁷4
321 2545 430 2585 Mane]
449 2546 483 2576 Si
499 2546 572 2586 quis
585 2545 738 2586 adeoque
754 2546 887 2577 Termi-

192 2604 271 2626 num
292 2600 350 2626 aut
365 2596 568 2627 occuluisset
583 2600 641 2625 aut
659 2596 886 2626 transtulisset

190 2644 268 2685 lege
295 2654 391 2676 sacer
412 2649 506 2683 erat;
528 2648 567 2675 ut
593 2643 700 2685 quivis
723 2653 799 2674 eum
826 2644 886 2674 im-

193 2703 283 2734 pune
300 2698 459 2736 tanquam
475 2694 675 2736 sacrilegum
698 2696 811 2735 posset
833 2702 887 2726 oc-

191 2743 319 2776 cidere.

988 1852 1053 1882 676
1072 1850 1163 1892 Jovi]
1204 1851 1267 1884 Cui
1295 1850 1421 1883 cedere
1446 1847 1568 1889 noluit,
1592 1848 1645 1881 uti

946 1899 1086 1933 dictum.

986 1952 1050 1980 679
1073 1950 1135 1980 Est
1163 1949 1230 1989 via]
1271 1949 1329 1980 De
1358 1947 1462 1979 sacris
1490 1946 1644 1987 privatis,

943 2006 1019 2037 quae
1041 1998 1197 2029 Termino
1221 1999 1297 2029 Deo
1313 1997 1452 2037 fiebant,
1475 1996 1640 2028 hactenus

941 2045 1073 2085 Poeta3
1096 2056 1185 2078 nunc
1198 2047 1241 2078 ad
1255 2046 1394 2088 publica
1411 2046 1533 2087 pergit.

986 2095 1063 2130 Quae
1072 2097 1231 2137 populum]
1249 2097 1456 2128 Laurentina
1471 2096 1565 2127 dicta
1579 2099 1644 2137 est,

941 2143 1031 2175 inter
1049 2145 1268 2177 Hostiensem
1286 2151 1321 2177 et
1338 2145 1499 2187 Appiam.

982 2195 1168 2236 Laurentes]
1193 2196 1269 2228 Hoc
1285 2201 1337 2228 est
1353 2196 1411 2238 qui
1431 2196 1474 2227 ad
1490 2196 1641 2227 Lauren-

940 2248 1011 2275 tum
1025 2245 1116 2276 Latii
1132 2246 1307 2286 oppidum,
1324 2255 1390 2277 non
1406 2245 1525 2286 procul
1541 2254 1561 2277 a
1574 2245 1642 2276 La-

939 2295 1043 2334 vinio,
1056 2296 1269 2335 spectabant.

982 2347 1046 2376 680
1070 2345 1244 2385 Dardanio]
1268 2347 1395 2386 AEneae,
1409 2345 1482 2376 scil.
1500 2344 1556 2386 qui
1576 2344 1642 2376 La·

941 2394 1003 2425 tini
1019 2395 1119 2435 regis,
1134 2396 1297 2427 Laurenti
1321 2395 1496 2435 imperium
1521 2398 1639 2425 tenen-

942 2446 997 2485 tis,
1024 2446 1127 2478 filiam
1156 2447 1330 2478 Lavinium
1357 2446 1457 2476 duxit
1479 2452 1640 2484 uxorem3

938 2494 1130 2536 ibidemque
1145 2495 1269 2526 deinde
1282 2494 1451 2534 regnavit.

981 2547 1042 2575 681
1068 2544 1189 2584 Fz'bris]
1214 2543 1321 2575 Extis.
1354 2542 1562 2574 Visceribus.

981 2596 1044 2624 682
1066 2592 1196 2633 Sextus]
1219 2592 1287 2625 Qui
1305 2592 1383 2623 olim
1400 2591 1473 2632 agri
1495 2591 1637 2623 Romani

939 2642 1027 2674 finis.

981 2691 1092 2732 Lapis]
1115 2692 1184 2723 Pro
1208 2689 1377 2723 milliario.
1410 2689 1523 2722 Millia
1545 2689 1635 2722 enim

939 2751 1094 2783 passuum
1110 2741 1189 2775 olim
1203 2741 1371 2783 lapidibus
1385 2738 1619 2782 signabantur.
