1773 3121
571 265 836 299 RASTORUM
870 265 962 297 [ΑΒ.
992 266 1047 297 11.

89 361 342 406 Consulitur
358 361 572 405 Phoebus.
629 359 734 399 Sors
752 361 822 399 est
840 358 902 399 ita
921 359 1114 402 reddita:
1145 360 1279 404 Matri

145 429 237 481 Qui
258 430 422 472 dederit
442 428 648 480 princeps
670 426 836 476 oscula,
854 427 995 467 victor
1015 429 1110 471 erit.

88 494 253 538 Oscula
273 497 453 550 quisque
475 505 567 533 suae
588 493 714 533 matri
738 495 976 546 properata
996 496 1198 547 tulerunt,

145 563 248 605 Non
266 561 484 603 intellecto
503 559 676 600 credula
697 560 825 600 turba
847 560 962 602 Deo.

90 629 249 672 Brutus
266 633 359 670 erat
378 627 499 668 stulti
520 628 697 680 sapiens
717 627 926 677 imitator,
946 631 996 668 ut
1013 633 1131 670 esset

145 696 285 737 Tittus
305 696 360 736 ab
381 694 570 743 insidiis,
593 694 685 735 dire
705 694 921 747 Superbe,
943 695 1049 737 tuis.

89 762 170 805 Ille
190 766 356 812 tacens,
378 775 542 816 pronus
564 762 692 803 matri
713 761 836 802 dedit
855 763 1010 804 oscula
1030 763 1193 815 Terrae,

146 827 351 871 Creditus
369 828 539 870 offenso
561 829 853 882 procubuisse
873 829 1004 884 pede.

1419 258 1533 302 1925

1449 493 1534 537 715

1451 829 1537 871 720

86 981 247 1014 extimis.
292 981 425 1013 Phoebus
438 982 627 1014 consulitur:
653 984 841 1024 Responsum
855 988 900 1015 est
916 984 962 1015 ita
975 984 1130 1015 redditum
1141 994 1151 1014 :
1175 983 1239 1019 Qui
1256 984 1376 1024 primus
1391 981 1538 1014 obtulerit

85 1024 304 1073 oseulqMatn‘
326 1025 386 1056 erit
402 1025 512 1056 victor.
557 1026 681 1064 Agmen
709 1028 864 1058 credulum
884 1027 1060 1058 obtulerunt
1088 1027 1214 1067 quisque
1242 1027 1343 1057 oscula
1369 1026 1539 1057 accelerata

87 1070 192 1115 matri,
203 1067 271 1098 Deo
285 1077 343 1097 non
356 1068 520 1098 intellecto.
565 1068 687 1099 Brutus
700 1073 769 1100 erat
780 1070 1095 1109 procidussimulator
1107 1069 1211 1107 fatui,
1223 1072 1258 1099 ut
1280 1072 1357 1100 esset
1372 1077 1496 1099 securus
1517 1077 1539 1098 a

88 1112 152 1140 tuns
165 1109 255 1150 dolis,
270 1110 402 1140 crudetis
413 1109 559 1151 Superbe.
606 1111 665 1141 Ille
687 1114 864 1151 prostratus
886 1121 1001 1152 prorum
1023 1111 1213 1142 deosculatus
1234 1115 1279 1143 est
1309 1111 1459 1142 Tellurem
1472 1119 1539 1141 ma-

696 1209 930 1222 000000000000

88 1278 220 1316 septem
233 1274 296 1313 nef.
312 1274 410 1306 visum
426 1277 470 1305 est
485 1274 566 1305 med.
600 1273 696 1306 Med.
719 1273 784 1312 nef.
808 1276 888 1305 med.
906 1283 1022 1305 mersus
1036 1274 1199 1305 alte-⁷14
1223 1273 1274 1304 Ex
1290 1272 1540 1313 praestantiori-

87 1317 150 1349 bus
166 1317 288 1349 Heius.
304 1317 436 1356 recepit
450 1317 594 1357 princeps
611 1325 671 1357 pro
697 1317 790 1356 vulg.
812 1317 1047 1357 primus—715
1071 1316 1113 1348 In
1134 1320 1220 1347 vett.
1235 1314 1436 1357 quibusdam
1448 1325 1540 1356 prop.

86 1360 356 1391 dederunt—716
379 1359 468 1390 Mor.
482 1368 567 1390 unus
581 1369 654 1389 sono
671 1368 732 1399 pro
749 1359 935 1391 Deo.-—7l7
958 1359 1020 1391 Be.
1034 1369 1100 1400 sap.
1113 1361 1258 1399 mutator,
1272 1361 1306 1388 nt
1318 1369 1328 1389 .·
1351 1358 1429 1389 Pet.
1444 1358 1541 1389 mira·

85 1404 253 1434 ton—⁷19
275 1402 392 1434 Burm.
409 1411 486 1433 cum
502 1401 635 1442 Gryph.
660 1402 794 1442 recepit
808 1405 912 1434 tacens
920 1413 931 1439 ,·
956 1402 1075 1434 Heins.
1090 1402 1180 1441 conj.
1193 1402 1322 1436 cadmum
1353 1401 1444 1441 vulg.
1473 1400 1542 1431 edi-

87 1444 286 1484 tumjacem.
332 1445 495 1476 Francius
512 1444 649 1476 volebat
663 1444 826 1483 ItLjacens
839 1446 958 1486 primus
972 1446 1174 1476 malm—720
1197 1444 1254 1475 Fr.
1279 1443 1427 1474 Creditur
1441 1441 1539 1484 off.—

741 1563 881 1595 NOTAE

90 1647 188 1689 pigre
217 1645 302 1678 fecit
330 1646 468 1686 Sextus,
494 1647 536 1678 ad
566 1657 664 1679 omne
691 1647 789 1679 nefas

90 1701 250 1739 paratus;
273 1701 309 1727 nt
323 1696 505 1738 Dionysius
522 1698 638 1730 refert.

132 1751 193 1780 711
217 1747 394 1787 Aetas-ihus]
440 1748 469 1778 E
495 1748 651 1780 columna
677 1749 790 1789 lignea

886 1651 950 1680 716
974 1648 1090 1689 Turba]
1111 1648 1168 1679 De
1184 1645 1328 1677 duobus.

886 1702 947 1730 717
974 1697 1110 1737 Βηιιωι]
1132 1697 1244 1737 Hujus
1264 1699 1395 1737 patrem
1413 1693 1463 1725 M.
1479 1693 1540 1726 Ju-

844 1749 936 1780 nium
947 1748 1150 1789 Tarquinius
1164 1745 1339 1786 Superbus
1354 1744 1440 1776 clam
1453 1743 1543 1775 occi-

90 1799 242 1839 elapsum
271 1797 409 1837 scripsit
438 1797 574 1828 Livius:
598 1807 708 1838 neque
726 1799 791 1829 alia

90 1851 256 1879 memorat
284 1851 458 1885 portenta.
520 1847 647 1877 verum
678 1847 791 1887 poetae

90 1897 197 1929 multo
213 1897 309 1936 plura
326 1900 403 1926 sunt
420 1904 595 1926 concessa.

134 1948 195 1977 113
220 1944 369 1984 Phoebus]
394 1944 548 1984 Delphos
564 1945 606 1975 ad
624 1944 791 1986 Apollinis

89 1995 260 2028 oraculum
279 1994 368 2024 missi
386 1993 484 2024 Titus
498 2000 532 2024 et
549 1993 660 2025 Aruns
678 1996 791 2027 scisci-

89 2048 200 2077 tatum
215 2044 257 2075 de
271 2043 444 2085 prodigiis.
473 2044 674 2086 Quanquam
691 2045 791 2077 aliter

90 2095 287 2137 Dionysius.

132 2145 224 2186 son]
248 2146 475 2186 Responsum.

134 2195 287 2236 Reddita]
311 2196 538 2237 Posteaquam
554 2197 643 2228 enim
659 2197 701 2229 de
713 2208 791 2239 por-

92 2250 189 2279 tento
212 2246 322 2278 Deum
354 2248 609 2289 interrogarunt
630 2248 730 2280 Titus
755 2254 792 2281 et

92 2295 206 2329 Aruns
222 2307 264 2328 ex
276 2298 375 2337 jussu
391 2297 509 2337 patris,
525 2297 718 2338 Apollinem
734 2298 793 2329 de-

50 2354 57 2361 ‘
91 2346 171 2380 inde
202 2348 458 2386 consuluerunt,
489 2348 543 2378 cui
578 2347 647 2379 fato
674 2349 791 2380 datum

93 2403 184 2431 esset
201 2399 386 2430 Romanum
404 2398 599 2439 Imperium.
621 2398 687 2430 Sed
700 2397 793 2430 festi-

93 2452 153 2481 mt
168 2449 274 2481 Naso.

135 2500 200 2530 ‘114
223 2499 390 2539 Princeps]
417 2499 563 2530 Primus.

141 2547 263 2588 Victor]
294 2548 442 2588 Imperio
459 2551 612 2591 adeoque
630 2550 790 2591 potietur.

135 2598 198 2628 ¹11⁵
224 2597 377 2638 Quinque]
399 2599 636 2639 Composuisse
651 2601 740 2631 inter
755 2610 791 2630 se

92 2644 234 2686 Juvenes
270 2650 385 2679 scribit
426 2649 620 2690 Dionysius,
656 2656 693 2681 ut
727 2660 793 2681 una

99 2698 241 2726 matrem
250 2698 496 2736 oscularentur,
509 2700 705 2741 pariterque
720 2709 793 2741 reg·

99 2749 240 2776 nuent:
255 2746 366 2777 Livius·
385 2758 477 2787 vero,
491 2751 572 2781 sorti
589 2751 795 2792 permisisse,

100 2799 176 2826 nter
191 2794 292 2826 matri
305 2797 454 2829 osculum
469 2798 595 2840 primus
607 2800 780 2834 redderet.

845 1800 940 1830 derat
964 1799 1037 1839 ejus
1053 1797 1177 1828 divitiis
1192 1796 1334 1833 inhians,
1349 1800 1385 1826 et
1408 1803 1484 1825 curn
1501 1803 1542 1825 eo

845 1850 988 1880 alterum
1002 1858 1020 1879 e
1034 1847 1164 1878 duobus
1179 1846 1255 1877 filiis
1270 1846 1430 1886 majorem
1447 1848 1542 1876 natu.

844 1899 883 1930 L.
915 1898 1050 1936 Junim,
1067 1897 1109 1928 de
1135 1907 1201 1938 quo
1227 1905 1315 1926 nunc
1342 1903 1452 1925 sermo
1475 1898 1542 1932 est,

843 1948 959 1979 auxilii
987 1952 1023 1978 et
1049 1951 1269 1987 cognatorum
1295 1945 1392 1984 inops
1411 1943 1544 1974 fatuum

845 2007 880 2029 se
909 1997 1092 2036 simulavit,
1122 1995 1211 2027 unde
1240 1994 1340 2025 Bruti
1355 2002 1544 2034 cognomen

845 2049 1013 2088 assumsit,
1028 2053 1131 2089 atque
1155 2047 1189 2078 in
1217 2055 1258 2077 ea
1285 2044 1446 2076 fatuitate
1470 2053 1545 2084 per-

843 2099 1014 2131 severavit
1039 2098 1119 2129 dum
1142 2097 1234 2128 visus
1249 2105 1317 2127 non
1338 2099 1392 2126 est
1418 2094 1546 2125 habere

844 2154 979 2190 tempus
1017 2151 1257 2190 opportunum.
1325 2144 1428 2176 Hunc
1462 2153 1545 2175 vero

844 2199 989 2230 ademtis
1022 2198 1117 2230 bonis
1155 2195 1307 2228 omnibus
1342 2193 1544 2235 Tarquinius

844 2250 906 2282 sub
921 2258 957 2280 se
973 2247 1202 2286 custodiebat,
1222 2255 1289 2277 non
1312 2244 1448 2277 honoris
1472 2253 1546 2284 gra-

845 2300 903 2340 tia,
931 2299 990 2330 sed
1018 2298 1122 2330 stulta
1148 2297 1277 2335 diceus,
1299 2295 1405 2326 stulta.
1430 2302 1546 2332 agens,

845 2354 884 2381 ut
930 2347 1202 2380 adolescentibus
1239 2347 1341 2377 risum
1379 2348 1545 2382 moveret,

845 2398 997 2440 Delphos
1027 2408 1103 2430 cuin
1129 2397 1208 2428 'rito
1237 2401 1272 2428 et
1301 2396 1434 2426 Arunte
1462 2394 1551 2434 peti-

845 2454 951 2481 verat.

888 2502 952 2530 719
979 2497 1101 2538 Terroe]
1125 2498 1211 2530 Quae
1231 2495 1379 2528 omnium
1400 2504 1545 2526 commu·

845 2550 896 2581 nis
912 2555 1032 2580 mater.

889 2603 952 2631 720
976 2598 1136 2638 Creditus]
1159 2598 1360 2638 Quanquam
1377 2594 1419 2625 de
1436 2593 1546 2624 indus·

846 2651 912 2683 tria
937 2650 1178 2691 procubuerat,
1204 2655 1241 2678 ut
1263 2657 1305 2677 ex
1327 2643 1463 2675 oraculo
1481 2643 1547 2682 pri-

846 2712 918 2733 mus
935 2706 1078 2732 matrem
1094 2698 1360 2733 deoscularetur,
1383 2698 1417 2723 et
1442 2701 1546 2732 regno

848 2751 1028 2792 potiretur.
1081 2748 1150 2780 Sed
1187 2746 1357 2787 sapienter
1395 2744 1544 2784 oportuit

848 2801 989 2834 stultum
1004 2798 1143 2832 imitari.
