1773 3121
243 209 354 251 185ss
731 219 768 249 P.
801 218 959 248 ovlnu
992 217 1205 248 NAsoms

242 313 374 355 'Nunc
393 313 505 354 bene
525 311 769 365 prospicies
791 311 981 361 Latiam,
1003 309 1264 360 Concordia,
1287 310 1484 351 turbam:

301 380 432 421 Nunc
454 383 496 420 te
519 382 703 418 sacratae
723 379 946 419 restituere
965 389 1131 417 manus,

246 447 403 488 Furius
432 443 702 500 (antiquum)
730 446 882 498 populi
905 448 1134 498 superator
1156 441 1364 484 Hetrusci

300 513 511 562 voverat,
531 518 574 554 et
595 513 684 554 voti
704 513 895 552 solverat
916 517 1015 552 ante
1035 510 1181 550 fidem.

246 580 412 630 Causa,
433 580 551 633 quod
572 593 599 620 a
620 580 825 620 Patribus
847 579 1001 619 sumtis
1021 580 1264 618 secesserat
1284 575 1412 616 armis

300 648 344 687 V
347 649 497 701 ulgus;
527 650 570 688 et
588 648 687 700 ipsa
708 660 812 687 suas
833 646 979 686 Roma
998 645 1177 685 timebat
1199 654 1324 695 opes,

246 714 395 754 Causa
415 726 566 754 recens
586 713 762 753 melior:
793 724 954 765 passos
981 710 1219 752 Germania
1239 709 1378 750 crines

301 780 488 833 Porrigit
506 780 733 832 auspiciis,
753 779 862 819 Dux
881 777 1138 827 venerande,
1158 776 1262 818 tuis.

1603 374 1689 417 640

1607 706 1692 748 645

244 898 369 934 omnivm
396 898 532 928 Latina:
554 906 633 927 ηιιησ
663 906 769 927 mames
794 899 924 927 sacralae
948 896 1151 926 restituerunt
1178 899 1219 927 te.
1266 895 1381 926 Furius
1396 895 1467 925 olim
1478 894 1576 925 victor
1587 893 1693 934 populi

250 940 544 974 Hctruscivwerat,
561 942 591 968 et
606 942 696 968 antea
711 939 883 969 exsolverat
898 938 998 978 fidem
1014 939 1090 968 voti.
1140 938 1253 974 Causa,
1279 938 1358 975 quod
1380 936 1464 976 plebs
1488 939 1650 967 secesserat
1674 945 1693 966 α

244 981 395 1012 Patribus
420 982 518 1011 armis
545 981 665 1019 captis5
688 983 718 1010 et
749 980 847 1010 Roma
876 980 943 1020 ipsa
969 979 1120 1010 metuebat
1142 989 1212 1009 suas
1234 979 1325 1008 vires.
1374 979 1476 1009 Causa
1489 987 1566 1008 nova
1578 978 1693 1017 potior.

248 1024 419 1054 Germania
439 1023 578 1064 porrigit
591 1032 690 1053 comas
712 1031 833 1062 sparsas
861 1023 923 1052 tuis
949 1022 1106 1062 auspiciis,
1128 1022 1205 1052 Dux
1221 1021 1401 1052 venerande.
1445 1019 1602 1051 Delibasti
1613 1020 1693 1050 dona

854 1105 1048 1117 eeeeeeeee
1049 1105 1087 1116 Ν

246 1161 335 1200 vulg.
352 1166 387 1192 et
403 1162 459 1191 Fr.
471 1162 749 1191 venturum—639
762 1160 815 1190 Fr.
833 1160 918 1191 Hinc
931 1170 993 1201 pro
1008 1161 1107 1191 Nunc.
1130 1160 1214 1190 Mox
1231 1169 1292 1200 pro
1310 1159 1400 1200 vulg.
1414 1158 1584 1199 prospicias
1597 1158 1695 1190 multi

247 1203 355 1234 Codd.
385 1202 566 1242 prospicies,
593 1202 645 1232 vel
673 1202 981 1241 prospiciens—640
1004 1203 1073 1232 Pro
1105 1203 1197 1232 Nunc
1221 1206 1365 1242 quatuor
1394 1201 1469 1232 libri
1499 1201 1586 1237 Hic,·
1608 1210 1693 1231 unus

246 1245 343 1275 Hinc.
366 1244 434 1274 Alii
450 1254 528 1276 sacr.
552 1244 737 1274 constituere
760 1253 841 1274 man.
867 1244 983 1275 Heins.
1006 1249 1114 1274 totum
1128 1243 1294 1273 distichon
1309 1244 1356 1273 ita
1371 1243 1507 1283 refingit
1524 1254 1532 1273 ε
1561 1244 1605 1273 Ut
1620 1242 1695 1274 bene

241 1287 412 1327 prospicias
425 1286 526 1316 Lat-iae
545 1285 715 1315 Concordia
729 1285 827 1315 turboe
840 1285 905 1315 Hic
927 1289 958 1315 te
982 1295 1061 1316 sacr.
1078 1288 1152 1315 rest.
1166 1288 1351 1316 mam—641
1377 1285 1496 1316 Heius.
1513 1285 1626 1324 placet
1640 1293 1692 1315 αη-

244 1329 378 1367 tiquum,
394 1328 484 1368 quod
504 1328 663 1367 Neapolis
680 1337 722 1357 ex
736 1337 795 1358 suo
809 1327 891 1358 Cod.
907 1327 1016 1364 dedit,
1033 1331 1067 1357 et
1079 1327 1168 1367 quod
1187 1327 1304 1357 Heius.
1321 1328 1353 1356 in
1372 1326 1500 1357 duobus
1517 1326 1584 1357 suis
1599 1326 1691 1357 inve-

246 1372 297 1401 nit
317 1381 323 1400 z
350 1372 440 1409 vulg.
455 1370 619 1400 edebatur
636 1370 711 1400 Fur.
724 1369 870 1408 antiquus
879 1380 949 1408 pop.
968 1369 1025 1399 alii
1041 1370 1141 1399 etiam
1153 1369 1272 1408 antiqui
1287 1369 1338 1398 vel
1353 1369 1596 1409 antiqua—642
1613 1368 1694 1399 Duo

245 1412 322 1443 libri
341 1415 399 1442 rot.
409 1411 529 1449 fecerat
545 1411 665 1451 illefid.
683 1412 874 1450 complures
890 1411 992 1441 etiam
1007 1411 1075 1449 alii,
1090 1415 1127 1441 ut
1143 1415 1177 1440 et
1193 1411 1283 1449 vulg.
1301 1410 1464 1441 exhibent
1477 1410 1550 1442 ille:
1574 1410 1694 1441 Heius.

247 1454 407 1484 rescribit
432 1456 504 1483 ante
533 1463 574 1483 ex
601 1453 712 1483 Ursin.
744 1453 922 1492 Naugerii,
950 1453 1082 1483 Zulich.
1112 1453 1201 1483 Maz.
1232 1452 1341 1482 tribus
1371 1453 1409 1482 F.
1435 1457 1471 1483 et
1486 1461 1553 1482 uno
1567 1452 1695 1483 Pat.—

246 1500 308 1526 643
333 1496 489 1527 Quatuor
514 1505 554 1525 cx
578 1494 772 1525 melioribus
795 1498 886 1525 sumt.
913 1496 1080 1525 decesserat
1104 1504 1181 1524 arm.
1213 1493 1334 1524 Heius.
1357 1493 1443 1534 conj.
1469 1494 1695 1525 desciverat.—

246 1541 307 1567 645
332 1538 444 1576 Vulgo
467 1536 646 1577 legebatur
662 1538 730 1567 mel.
744 1546 863 1576 sparsos
878 1537 921 1567 G.
939 1546 980 1567 ex
994 1536 1128 1576 scriptis
1144 1545 1262 1566 novem
1279 1535 1398 1566 Heius.
1415 1536 1559 1574 protulit
1571 1545 1695 1575 passos:

247 1580 324 1610 Pet.
341 1584 376 1611 et
393 1584 537 1620 quatuor
554 1579 611 1609 alii
630 1581 860 1618 pansos-646
882 1579 952 1609 Pro
968 1579 1114 1619 Porrigit
1137 1577 1233 1610 multi
1249 1581 1291 1608 ex
1314 1577 1451 1619 scriptis
1471 1577 1623 1618 Corrigit‚
1639 1577 1695 1608 alii

901 1675 1040 1707 NOTAE

248 1759 300 1787 ter
323 1755 446 1794 forum,
476 1755 549 1786 scil.
576 1759 612 1786 et
643 1754 860 1794 Capitolium,
889 1764 940 1785 re-

247 1807 344 1845 gione
358 1805 461 1836 Urbis
476 1810 610 1844 octava,
627 1814 732 1845 prope
751 1803 859 1835 aedem
880 1804 941 1836 Ju-

245 1856 340 1886 nonis
356 1856 516 1886 Monetae.

291 1905 368 1935 Fert
382 1904 540 1943 sublimes]
559 1904 759 1943 Hypallage.
783 1904 858 1934 Hoc
875 1908 940 1942 cst,

248 1964 314 1994 qua
332 1955 386 1985 via
405 1954 602 1984 sublimibus
625 1954 781 1992 gradibus
807 1959 942 1984 centum

247 2004 287 2033 ad
307 2004 476 2035 Junonem
492 2004 666 2033 Monetam
682 2003 761 2034 itur.

290 2052 433 2091 BIonetu]
457 2053 511 2083 De
527 2052 661 2084 Junone
686 2052 763 2091 ista,
788 2052 940 2091 Moneta,

248 2112 347 2143 quam
364 2112 383 2132 a
403 2102 569 2133 monendo
596 2102 722 2133 dictam
743 2103 872 2143 volunt,
894 2103 941 2133 vi-

249 2151 399 2182 debimus
414 2152 448 2181 in
465 2155 575 2181 sexto.

291 2204 353 2231 6:39
378 2201 469 2231 Nunc
484 2201 570 2240 bene]
597 2201 782 2242 Postquam
806 2202 941 2233 restitu-

248 2256 318 2281 tum
337 2250 497 2290 templum
525 2254 618 2280 tuum
643 2261 662 2280 a
684 2251 818 2282 Tiberio
841 2256 941 2293 atque

251 2300 357 2340 Livia,
373 2300 572 2331 Concordiae
587 2301 785 2332 vindicibus.

290 2352 354 2381 640
377 2349 530 2389 Sacram]
553 2350 678 2381 Tiberii
696 2355 797 2391 atque
814 2350 940 2382 Liviae:

249 2410 359 2441 neque
370 2400 424 2431 hic
440 2399 663 2430 Pontificibus
675 2401 785 2431 locum
797 2400 941 2430 dederis.

290 2453 351 2481 641
377 2449 506 2488 Furius]
542 2450 590 2480 M.
617 2450 735 2480 Furius
768 2450 942 2490 Camillus,

250 2500 306 2540 qui
319 2499 481 2529 Veientes
499 2500 588 2530 vicit.

291 2549 476 2589 Antiquam]
499 2549 601 2579 Olim.
626 2548 724 2579 Anno
746 2550 872 2590 quippe
900 2549 942 2580 ab

251 2598 346 2630 Urbe
362 2598 497 2629 condita
516 2601 588 2628 367.
615 2598 659 2628 de
681 2598 860 2629 Hetruscis
884 2599 942 2628 tri-

251 2647 444 2688 umphavit;
460 2652 494 2678 et
507 2648 636 2687 aliquot
650 2651 725 2687 post
741 2657 842 2679 annos
857 2649 943 2679 Con-

251 2696 376 2728 cordiae
393 2696 498 2727 aedem
515 2698 617 2728 vovit.

293 2748 354 2778 643
378 2746 406 2778 Λ
426 2746 590 2787 Patribus]
602 2747 714 2778 Romae
728 2747 829 2789 euim,
843 2752 881 2779 ut
897 2748 943 2779 ait

995 1753 1123 1794 Livius,
1146 1754 1155 1772 ⁴
1174 1764 1250 1785 cum
1278 1754 1372 1795 plebs
1399 1762 1466 1785 aere
1496 1752 1607 1784 alieno
1635 1762 1694 1794 op-

995 1815 1112 1846 pressa
1135 1810 1239 1844 esset,
1256 1815 1278 1836 a
1303 1804 1518 1836 concionibus
1546 1803 1695 1834 abstine-

995 1857 1065 1894 bat,
1081 1860 1117 1887 et
1143 1855 1286 1887 Patricii
1302 1856 1350 1886 ita
1366 1859 1472 1886 totam
1497 1853 1694 1894 Rempubli-

996 1916 1069 1937 cam
1097 1905 1336 1945 occupabant.'
1371 1906 1497 1936 Verum
1522 1904 1693 1944 querelam

997 1964 1071 1985 eam
1087 1964 1161 1994 quae
1176 1954 1219 1984 ab
1235 1953 1337 1984 Urbis
1350 1952 1498 1983 conditae
1515 1962 1602 1984 anno
1617 1955 1693 1984 379.

997 2003 1161 2035 decennio
1185 2007 1256 2033 toto
1273 2001 1441 2042 flagravit,
1459 2002 1620 2044 victoque
1635 2003 1694 2034 Se-

996 2057 1077 2084 natu
1090 2053 1277 2093 composita
1292 2057 1356 2092 est,
1373 2061 1415 2083 ex
1432 2051 1527 2083 Livio
1537 2052 1611 2093 ipso
1624 2061 1694 2084 me-

994 2102 1059 2133 lius
1078 2103 1257 2143 intelliges.

1038 2155 1100 2183 644
1126 2152 1214 2192 Ipsa]
1245 2153 1339 2182 Istuc
1369 2152 1479 2192 ipsum
1507 2154 1692 2193 queruntur

997 2202 1110 2233 Livius
1123 2208 1157 2233 et
1169 2202 1346 2233 Sallustius
1359 2212 1368 2240 ;
1380 2201 1547 2241 posterior
1558 2201 1693 2242 quidem

995 2253 1046 2282 his
1062 2252 1175 2283 verbis
1192 2252 1281 2283 inter
1291 2255 1428 2283 cetera:
1446 2252 1456 2268 ⁴
1468 2251 1533 2284 Qui
1550 2251 1695 2291 labores,

997 2303 1160 2342 pericula,
1188 2302 1306 2332 dubias
1337 2306 1440 2342 atque
1470 2311 1608 2342 asperas
1639 2311 1693 2333 res

996 2351 1095 2382 facile
1127 2352 1365 2390 toleraverant,
1394 2351 1433 2381 iis
1463 2351 1581 2390 otium,
1611 2350 1693 2382 divi-

997 2403 1066 2440 tiae,
1090 2401 1249 2441 optandae
1266 2402 1349 2440 aliis,
1365 2400 1457 2431 oneri
1479 2399 1692 2441 miseriaeque

996 2450 1113 2489 fuere,'
1128 2454 1190 2481 ἀεὶ.

1039 2504 1100 2531 645
1128 2499 1311 2539 Germania]
1334 2500 1418 2530 Eam
1448 2497 1620 2538 regionem
1643 2502 1692 2529 at-

998 2560 1063 2591 que
1092 2550 1302 2580 Pannoniam
1336 2548 1436 2578 armis
1464 2547 1692 2588 perlustrave-

997 2604 1074 2630 rant
1083 2599 1234 2630 Tiberius
1250 2603 1351 2638 atque
1364 2597 1584 2628 Germanicus
1597 2598 1692 2629 annis

996 2649 1146 2689 proxime
1165 2647 1407 2688 superioribus
1445 2647 1559 2679 Quare
1575 2652 1611 2679 et
1624 2649 1690 2679 Ur·

996 2698 1046 2729 bis
1064 2707 1150 2729 anno
1162 2701 1236 2729 762.
1254 2697 1386 2738 utrique
1402 2696 1559 2729 decretus
1575 2697 1690 2729 trium-

996 2749 1092 2789 phus.
1130 2748 1207 2780 Non
1223 2746 1283 2779 abs
1310 2756 1347 2778 re
1373 2746 1476 2788 igitur
1497 2746 1688 2780 Germanias
