1773 3121
177 235 292 278 1924
658 249 701 280 P.
732 248 890 279 ov1n11
921 247 1132 280 NAsorus

177 342 304 384 Luna
323 341 415 383 fuit.
475 341 685 395 Spectant
697 343 918 397 juvenem,
941 344 1195 398 gladiosque
1214 344 1477 388 recondunt:

233 409 474 461 Tergaque,
495 408 685 450 deducta
704 414 839 460 veste,
856 415 1008 451 notata
1028 412 1190 453 vident.

179 476 308 520 Fient
327 488 514 528 quoque,
535 481 590 526 et,
612 481 661 517 ut
679 490 828 518 secum
849 482 1021 518 tueatur
1040 480 1165 529 bella,
1187 481 1431 532 precantur.

235 541 437 583 Callidus
456 543 615 594 ignaris
637 545 781 584 annuit
800 545 873 585 ille
894 546 1014 586 viris.
1534 541 1622 584 '700

177 609 366 662 Jamque
386 613 556 662 potens,
578 610 712 650 misso
734 611 971 662 genitorem
995 611 1187 664 appellat
1208 610 1366 660 amico,

235 674 455 715 Prodendi
476 674 643 716 Gabios
665 676 780 729 quod
800 677 883 716 sibi
904 681 1111 717 monstret
1132 678 1227 719 iter.

178 740 350 782 Hortus
372 741 566 782 odoratis
586 743 762 782 suberat
782 743 1049 782 cultissimus
1072 743 1236 794 herbis,

237 807 392 848 Sectus
410 807 590 846 humum
608 809 700 848 rivo
722 808 817 847 lene
835 810 1025 848 sonantis
1046 822 1191 862 aquae.

178 873 278 914 Illic
299 873 567 926 Tarquinius
586 873 792 913 mandata
812 874 988 913 latentia
1006 876 1100 914 nati
1536 872 1624 914 705

235 938 427 991 Accipit,
448 946 489 979 et
511 940 633 991 virga
652 940 744 979 lilia
765 952 933 980 summa
954 941 1088 980 metit.

181 1005 372 1046 Nuntius
394 1009 443 1045 ut
463 1005 605 1054 rediit,
626 1005 898 1058 decussaque
918 1006 1011 1046 lilia
1027 1005 1141 1047 dixit
1158 1019 1169 1058 ;

236 1071 389 1120 Filius,
412 1070 620 1124 Agnosco
635 1072 765 1125 jussa
784 1074 991 1125 parentis,
1015 1073 1092 1113 ait.

179 1138 281 1180 Nec
301 1150 453 1178 mora:
486 1139 769 1191 Principibus
788 1139 917 1180 caesis
937 1152 992 1179 ex
1014 1139 1120 1179 urbe
1140 1138 1331 1190 Gabina,

234 1204 487 1244 Traduntur
508 1204 695 1244 ducibus
715 1206 877 1245 moenia
898 1206 1014 1244 nuda
1034 1207 1143 1246 suis.
1540 1205 1626 1247 710

178 1269 296 1311 Ecce
324 1269 464 1322 (nefas
482 1268 603 1322 visu)
631 1269 786 1310 mediis
805 1271 1017 1310 altaribus
1036 1271 1191 1322 anguis

234 1335 357 1386 Exit,
378 1340 418 1377 et
438 1336 641 1377 extinctis
661 1335 834 1388 ignibus
857 1341 963 1376 exta
983 1337 1111 1389 rapit.

177 1467 343 1508 splenduit.
385 1463 716 1505 Aspiciuntjuvencm,
733 1468 762 1495 et
777 1466 943 1496 recondunt
967 1475 1073 1496 enses:
1095 1469 1185 1506 atque
1200 1465 1315 1496 amictu
1338 1466 1476 1496 detracto
1496 1469 1627 1498 cernunt

177 1514 267 1548 terga
280 1509 414 1547 signata.
457 1508 682 1548 Lacrymantur
703 1507 808 1546 etiam,
832 1511 924 1548 atque
943 1511 1042 1544 orant,
1066 1511 1099 1538 ut
1118 1511 1210 1547 gerat
1227 1508 1302 1538 bella
1325 1517 1436 1537 secum.
1482 1507 1540 1538 Ille
1558 1517 1628 1539 ver-

177 1555 266 1582 sutus
277 1551 445 1581 assentitur
459 1551 539 1581 viris
552 1550 674 1580 nesciis.
717 1550 850 1588 Jamque
872 1554 989 1590 potens,
1009 1550 1140 1580 consulit
1163 1553 1295 1590 patrem,
1308 1549 1406 1580 amico
1422 1549 1524 1588 misso,
1537 1559 1628 1589 quam

177 1593 329 1624 rationem
341 1593 399 1623 sibi
411 1594 550 1623 ostendat
562 1591 711 1632 prodendi
737 1592 860 1622 Gabios.
908 1593 1030 1622 Hortus
1041 1592 1225 1623 cultissimus
1238 1591 1339 1622 herbis
1352 1591 1489 1622 odoratis
1500 1591 1628 1630 junctus

177 1639 260 1674 erat,
286 1635 399 1666 habeus
425 1635 521 1665 solum
550 1634 681 1665 divisum
706 1634 772 1663 rivo
796 1644 883 1673 aquae
905 1635 1014 1665 leniter
1034 1635 1209 1675 strepentis.
1253 1634 1436 1673 Tarquinius
1457 1633 1501 1663 ibi
1515 1633 1629 1674 accipit

178 1680 310 1709 secretos
333 1678 458 1707 nuutios
472 1677 552 1719 filii,
575 1680 666 1716 atque
680 1677 797 1706 excutit
813 1677 901 1714 virga
922 1680 1060 1707 extrema
1078 1677 1154 1708 lilia.
1200 1677 1369 1716 Postquam
1384 1675 1509 1706 nuntius
1520 1676 1630 1716 rediit,

178 1724 270 1760 atque
290 1720 398 1750 retulit
413 1719 480 1749 licia
495 1721 631 1757 decussa,
645 1718 735 1758 filius
749 1718 846 1755 dixit,
870 1719 1016 1757 Intelligo
1039 1720 1154 1749 monita
1166 1721 1277 1758 patris.
1320 1719 1423 1757 Atque
1437 1717 1502 1748 sine
1513 1717 1628 1758 spatio,

183 1762 363 1792 Proceribus
389 1772 429 1792 ex
454 1762 526 1792 urbe
553 1761 675 1791 Gabina
698 1760 886 1798 interfectis,
900 1761 981 1791 muri
993 1763 1165 1800 produntur
1179 1762 1266 1792 vacui
1278 1760 1343 1790 suis
1356 1760 1490 1791 ducibus.
1535 1760 1630 1799 Ecce,

178 1805 247 1836 vm
271 1805 466 1844 horrendum,
492 1803 624 1844 Serpens
647 1802 753 1842 prodit
780 1812 820 1833 ex
845 1803 956 1833 mediis
980 1804 1042 1834 aris
1055 1815 1068 1842 ;
1089 1807 1181 1844 atque
1206 1803 1310 1841 aufert
1325 1802 1428 1844 fibras
1450 1811 1489 1833 ex
1502 1801 1628 1842 ignibus

788 1895 1020 1907 eoaeoeeeeeeaee

180 1966 244 1995 696
266 1962 336 1994 Alii
348 1963 412 1993 hoec
428 1972 489 2002 pro
502 1963 673 1993 hoa—698
696 1962 738 1992 R.
755 1970 852 1998 unus,
865 1961 954 1991 Mor.
971 1966 1007 1992 et
1023 1962 1106 1992 alius
1128 1963 1253 1992 diducta
1269 1962 1451 1991 vest.—700
1472 1957 1556 1990 Arm.
1570 1959 1627 1990 illa

179 2007 347 2036 vin—702
370 2005 527 2035 Proclemli
540 2014 581 2034 ex
605 2004 683 2035 Jun.
706 2002 875 2042 rescripsit
901 2003 1020 2033 Heius.
1037 2013 1098 2043 pro
1116 2004 1203 2042 vulg.
1230 2003 1397 2033 Perdemli.
1428 2001 1510 2032 Mox
1525 2001 1626 2033 Voss.

180 2048 270 2087 quod,
283 2047 338 2077 vel
353 2057 431 2086 quo.-
454 2046 487 2075 in
503 2045 614 2076 multis
631 2045 701 2075 aliis
717 2045 819 2075 etiam
846 2054 923 2083 quo:
955 2045 989 2074 in
1015 2045 1180 2075 nonnullis
1207 2045 1280 2084 qui.-
1312 2044 1377 2074 duo
1402 2046 1447 2074 ut.
1490 2043 1626 2074 Deinde

179 2088 370 2127 Hamburg.
392 2091 516 2119 monstr.
534 2089 735 2126 opem.—703
764 2088 798 2116 Ρ.
815 2090 850 2116 et
867 2090 934 2116 tres
952 2087 1006 2116 alii
1021 2087 1220 2125 odor.fuerat
1236 2087 1310 2116 cult.
1325 2091 1360 2117 et
1375 2087 1436 2116 Be.
1449 2086 1526 2124 quod
1547 2088 1627 2117 erat.

180 2132 287 2161 —704
310 2129 373 2160 Ed.
388 2139 437 2168 pr.
455 2129 631 2168 Neapolis,
645 2133 680 2158 et
696 2128 850 2167 quaedam
868 2128 997 2167 priores
1013 2129 1123 2168 Septus
1144 2129 1226 2159 hum.
1250 2132 1285 2158 et
1307 2128 1355 2158 ita
1371 2128 1473 2158 etiam
1489 2127 1628 2166 plurimi

181 2171 418 2212 scripti.—706
438 2171 519 2200 Tres
536 2170 611 2200 libri
627 2180 734 2201 summ.
763 2170 867 2209 petit‚·
901 2170 966 2201 duo
986 2172 1182 2209 legit.-—707
1207 2172 1363 2202 Quatuor
1379 2169 1500 2209 scripti
1515 2170 1629 2200 discus-

181 2223 296 2254 saque;
317 2223 376 2244 sex
392 2213 522 2252 decisaq.
553 2212 736 2251 Gottorph.
762 2213 910 2251 concisaq.
938 2223 1021 2243 unus
1048 2213 1302 2252 diffusaq.——708
1327 2212 1422 2243 Unus
1441 2211 1558 2242 Heius.
1580 2211 1625 2243 A.

180 2255 274 2288 verba
293 2257 472 2298 pan—709
495 2254 624 2285 Arund.
652 2255 748 2285 Voss.
776 2255 867 2286 Maz.
891 2259 927 2285 et
950 2265 1008 2286 sex
1035 2256 1091 2286 alii
1116 2255 1182 2287 urb.
1208 2254 1458 2286 Gabinia—711
1482 2254 1573 2286 Maz.
1588 2256 1626 2285 et

833 2361 972 2393 NOTAE

181 2440 284 2477 atque
311 2436 389 2467 hinc
429 2435 530 2467 fidem
565 2435 706 2468 Gabinis
734 2434 878 2476 faceret,
974 2439 1035 2467 701
1070 2435 1202 2476 Potens]
1248 2435 1385 2475 Quippe
1417 2433 1625 2466 Gabinorum

183 2495 267 2528 quos
281 2484 452 2524 proderet.
931 2485 1011 2516 dux.

227 2534 343 2566 Passus
370 2533 454 2572 erat]
485 2534 599 2575 Atque
628 2534 661 2564 id
685 2534 817 2574 publice
843 2534 877 2565 in
973 2535 1034 2563 704
1052 2533 1162 2563 Sectus
1176 2530 1316 2570 humum]
1334 2530 1473 2561 Habens
1487 2529 1625 2561 humum

184 2583 272 2616 foro,
931 2582 1083 2612 divisam.

227 2636 291 2665 698
315 2633 449 2672 Notata]
472 2633 586 2672 Virgis
603 2633 744 2672 signata.
973 2633 1036 2661 706
1058 2630 1159 2670 Lilia]
1194 2630 1358 2661 Histoi-ici
1382 2629 1500 2660 dicunt
1522 2639 1627 2670 papa-

227 2687 292 2716 699
314 2683 422 2723 Flent]
445 2684 495 2714 Ex
511 2682 812 2714 commiseratione.
932 2690 1011 2712 vera
1036 2681 1223 2711 decussisse
1253 2685 1291 2712 ut
1313 2680 1489 2711 validiores
1515 2680 1627 2712 extin-

227 2736 291 2764 700
314 2732 455 2772 Ignaris]
488 2732 555 2765 Qui
582 2732 751 2764 nescirent
775 2740 878 2773 quan·
932 2730 1081 2770 guendos
1096 2740 1168 2762 esse
1184 2731 1274 2763 inter
1296 2730 1446 2761 Gabinos
1460 2739 1501 2761 eo
1524 2729 1627 2762 modo

188 2787 260 2816 tum
275 2783 383 2815 scelus
399 2782 455 2814 ille
472 2786 618 2824 pararet.
932 2778 1152 2822 significaret.
1196 2780 1296 2814 Quod
1319 2779 1455 2822 quidem
1479 2788 1546 2812 non
1565 2779 1627 2812 im·
