1773 3121
172 176 287 218 2104
664 190 705 219 P.
738 188 896 220 ovum
929 188 1144 220 NASONIS

172 282 392 338 Tempora
408 283 610 325 sutilibus
633 283 861 336 cinguntur
882 287 975 324 tota
995 283 1197 337 coronis3
1471 284 1474 285 ⁷
1543 283 1629 326 335

230 349 286 391 Et
305 352 410 391 latet
430 351 590 405 injecta
610 350 841 404 splendida
862 363 1009 391 mensa
1028 364 1146 392 rosa.

174 416 335 459 Ebrius
354 419 559 459 incinctis
582 418 753 472 philyra
774 419 961 459 conviva
977 419 1152 471 capillis

231 484 388 534 Saltat,
411 489 453 526 et
472 486 722 538 imprudens
743 487 877 527 utitur
899 490 988 527 arte
1009 487 1128 528 meri.

176 551 335 593 Ebrius
358 554 414 594 ad
436 553 589 594 durum
609 554 814 595 formosae
835 555 963 594 limen
986 554 1143 595 amicae

232 618 416 661 Cantat:
448 621 611 661 habent
630 624 775 661 unctae
795 621 946 662 mollia
965 626 1079 661 serta
1100 633 1256 663 comae.
1547 619 1632 660 340

173 685 311 727 Nulla
332 691 538 728 coronata
557 692 819 742 peraguntur
838 690 950 729 seria
970 689 1106 729 fronte
1123 702 1134 739 3

233 753 334 794 Nec
355 754 537 807 liquidae
561 756 724 795 vinctis
741 757 844 795 flore
863 756 1070 795 bibuntur
1091 769 1218 808 aquae
1238 769 1247 796 :

175 819 330 861 Donec
352 833 449 861 eras
470 822 636 861 mixtus
656 822 803 870 nullis,
826 820 1038 870 Acheloe,
1054 824 1266 873 racemis3

230 885 386 928 Gratia
407 888 627 929 sumendae
648 901 738 928 non
759 893 849 928 erat
870 889 958 928 ulla
976 902 1104 929 rosae.

172 952 377 995 Bacchus
400 958 518 995 amat
538 955 668 995 flores
686 969 695 996 ε
728 956 908 997 Baccho
929 956 1152 1009 placuisse
1171 967 1380 997 coronam
1547 954 1632 997 345

238 1024 307 1065 Ex
328 1022 568 1064 Ariadnaeo
589 1024 731 1081 sidere
750 1037 878 1065 nosse
899 1029 1044 1078 potes.

173 1090 314 1133 Scena
334 1091 446 1131 levis
467 1091 591 1131 decet
610 1092 745 1132 hanc:
777 1105 863 1132 non
882 1096 963 1141 est,
984 1090 1093 1131 mihi
1114 1090 1289 1139 credite,
1315 1102 1400 1130 non
1423 1092 1491 1131 est

230 1158 315 1199 Illa
336 1159 615 1199 eothurnatas
636 1160 743 1199 inter
762 1158 970 1199 habenda
992 1158 1131 1199 Deas.

173 1268 358 1298 decorantur
373 1268 463 1298 sertis
479 1267 610 1298 intextis
623 1279 633 1303 ;
656 1272 747 1307 atque
770 1270 855 1299 lanta
882 1278 986 1299 mensa
1010 1268 1129 1306 tegitur
1152 1276 1221 1297 rosa
1235 1266 1360 1305 injecta.
1408 1265 1546 1297 Conviva
1561 1266 1636 1297 bene

167 1314 262 1350 potus
275 1311 372 1340 saltat
387 1321 471 1340 coma
483 1314 592 1340 ornata
602 1310 738 1350 philyra,
749 1314 840 1350 atque
855 1312 942 1341 rudis
957 1310 1058 1340 utitur
1073 1313 1140 1340 arte
1152 1309 1229 1339 vini.
1278 1309 1392 1339 Ebrius
1402 1309 1486 1339 canit
1501 1310 1542 1339 ad
1554 1309 1633 1348 rigi-

172 1352 322 1389 ‹lassor-es
334 1352 471 1391 pulchroe
485 1352 610 1382 amicoe:
633 1352 738 1391 capilli
759 1353 901 1383 odoribus
924 1352 1053 1382 delibuti
1077 1351 1191 1381 habent
1205 1354 1326 1381 teneras
1341 1360 1479 1380 coronas.
1526 1352 1632 1382 Nulloe

171 1405 221 1425 res
234 1403 346 1433 grat-es
360 1394 557 1423 absolvuntur
565 1393 674 1430 fronte
689 1398 855 1432 coronata;
878 1404 973 1434 neque
988 1403 1074 1433 purae
1089 1403 1176 1432 aquoe
1199 1396 1345 1432 potantur
1366 1393 1404 1423 ab
1420 1392 1483 1423 illis
1497 1393 1632 1432 quisunt

172 1436 274 1467 ornati
281 1435 428 1476 floribus.
477 1436 632 1470 Quamdiu
648 1437 740 1466 nullis
754 1438 822 1467 uvis
836 1446 906 1467 eras
922 1436 1044 1473 mistus,
1069 1435 1210 1472 Acheloe,
1238 1436 1321 1466 nulla
1344 1437 1411 1466 erut
1437 1444 1529 1465 causa
1553 1445 1630 1465 rosae

172 1479 338 1518 capiendoe.
384 1478 528 1508 Bacchus
543 1478 651 1516 diligit
658 1479 776 1519 flores:
796 1482 883 1519 potes
908 1479 1083 1517 intelligere
1109 1488 1149 1509 ex
1171 1479 1270 1508 stellis
1294 1477 1475 1508 Ariadnoez's
1489 1486 1633 1508 coronam

168 1525 293 1560 gratam
298 1520 402 1558 fuisse
418 1520 552 1552 Baccho.
596 1521 696 1552 Scena
710 1522 784 1553 levis
800 1522 871 1553 hnic
887 1523 1025 1553 convenit
1037 1532 1048 1558 ,·
1071 1521 1138 1561 illa,
1153 1520 1254 1562 fidem
1269 1520 1346 1551 mihi
1369 1521 1488 1560 habete,
1513 1530 1572 1551 non
1587 1523 1633 1552 est

776 1601 931 1614 ‘own
935 1601 1010 1613 ’ΝΟ

174 1650 267 1691 quej.
291 1650 332 1681 P.
347 1650 501 1691 liberiorq.
517 1651 608 1682 locus.
610 1653 715 1681 -335
741 1650 811 1681 Pio
827 1649 972 1680 sutilibus
984 1650 1084 1681 Voss.
1110 1649 1289 1686 tortilibus;
1312 1649 1632 1689 aliinexilibus,sub-

172 1694 277 1724 tilibus
281 1692 457 1732 ,futilibus‚
471 1693 610 1734 suffusis.
655 1694 740 1724 Tum
764 1693 860 1724 multi
890 1692 999 1724 Codd.
1025 1697 1061 1724 et
1086 1693 1174 1725 Edd
1200 1673 1332 1734 Gryph.
1349 1697 1384 1723 et
1401 1693 1546 1733 Neapol.
1561 1693 1631 1733 pin-

167 1739 287 1775 guntur
309 1739 365 1767 tot.
390 1737 509 1767 Heius.
525 1736 677 1767 malebat
698 1737 781 1775 cing.
797 1739 870 1776 pota
893 1745 955 1766 cor.
979 1736 1011 1765 in
1029 1735 1082 1766 ed.
1110 1736 1242 1776 Gryph.
1261 1741 1296 1767 et
1320 1735 1468 1776 quinque
1494 1735 1632 1777 scriptis

173 1784 225 1810 est
239 1782 331 1810 tecta.
335 1782 441 1810 -336
465 1780 520 1810 Fr.
540 1780 594 1810 lat.
606 1779 729 1810 invecta
743 1780 838 1819 sple-
842 1781 912 1809 -337
940 1778 1102 1819 Neapolis
1119 1779 1202 1810 velit
1227 1778 1305 1809 Ebr.
1328 1779 1526 1818 incinctusp.
1538 1789 1565 1808 c.
1580 1788 1631 1809 ca-

167 1821 271 1861 pillos.
315 1823 413 1853 Voss.
429 1827 465 1852 et
481 1832 567 1853 unus
575 1822 671 1854 Med.
685 1822 829 1852 incinctis
837 1821 1148 1862 ρὴίἰ3]ναε...εαρίὶὶὶε.
1172 1822 1227 1852 Sa.
1243 1821 1352 1852 hilaris
1367 1831 1450 1852 conv.
1466 1826 1502 1852 et
1518 1821 1631 1853 Gloss.

170 1863 317 1905 Rumpfii
335 1875 419 1896 conv.
433 1865 674 1896 coronis.—33S
702 1865 813 1896 Utitur
840 1864 956 1895 Burm.
971 1864 1068 1895 dedit
1085 1874 1128 1895 ex
1150 1864 1229 1896 edd.
1252 1869 1287 1895 et
1314 1864 1451 1904 scriptis
1477 1864 1630 1905 aliquot;

171 1907 263 1947 vulg.
279 1908 431 1938 vertitur:
462 1907 529 1938 duo
546 1908 637 1939 Mor.
663 1907 788 1938 nititur.
833 1907 888 1937 Sa.
919 1912 954 1937 et
982 1906 1102 1937 decem
1131 1907 1188 1937 alii
1214 1916 1289 1938 cum
1318 1906 1516 1948 quibusdam
1541 1905 1629 1938 Edd.

170 1953 242 1980 ante
258 1952 442 1980 men—339
466 1951 560 1981 Unus
587 1950 674 1980 liber
700 1950 766 1982 lim.
792 1951 1025 1980 amata-340
1051 1949 1169 1981 Heius.
1197 1949 1412 1980 scribendum
1430 1953 1529 1989 putat
1552 1951 1628 1980 sert.

164 1991 371 2029 sores—342
396 1993 557 2023 Nonnulli
575 1993 626 2032 qu.
643 1992 752 2031 juncto
769 1992 812 2032 fl.
838 1992 893 2022 alii
917 1992 1018 2022 etiam
1033 1992 1154 2030 junctis
1170 1993 1222 2022 vel
1246 1992 1367 2022 cinctis.
1391 1992 1474 2022 Mox
1490 1990 1627 2031 Monufl.

171 2034 313 2065 bibentur
329 2037 486 2074 «qe-346
503 2035 561 2066 Pr.
579 2034 620 2066 A.
646 2039 682 2066 et
708 2035 774 2066 duo
801 2035 859 2065 alii
885 2044 963 2065 ηοεε.
985 2037 1181 2074 puta—349
1204 2035 1280 2065 Pet.
1295 2037 1398 2064 tamen
1414 2041 1474 2074 pro
1490 2033 1624 2072 quidem.

821 2124 960 2156 NOTAE

213 2204 273 2233 335
312 2199 482 2241 Sutilibus]
529 2199 616 2233 Quae
652 2209 695 2231 ex
729 2199 869 2233 floribus
925 2198 1014 2240 quod
1042 2197 1084 2229 ad
1115 2198 1186 2238 ejus
1210 2197 1301 2238 ripas
1327 2197 1437 2238 primo
1467 2197 1626 2230 dicuntur

170 2251 409 2284 nectebantur.
923 2250 1011 2281 vites
1028 2249 1180 2281 consitae.

213 2305 275 2334 337
288 2301 437 2343 Philyra]
449 2302 499 2332 Eo
511 2300 638 2342 quippe
651 2300 731 2331 tiliae·
742 2300 869 2331 cortice
966 2302 1028 2331 344
1053 2299 1159 2339 Rosoe]
1197 2298 1301 2339 Cujus
1328 2298 1454 2329 multus
1480 2308 1558 2329 usus
1589 2298 1624 2329 in

168 2359 305 2385 veteres
331 2362 392 2392 pro
417 2350 587 2383 lemniscis
612 2351 645 2381 in
667 2359 870 2382 coronarum
924 2350 1099 2386 conviviis,
1130 2349 1173 2379 ad
1211 2347 1449 2380 bacchantium
1483 2358 1624 2379 coronas

171 2403 327 2444 plexione
339 2401 534 2433 utebantur.
924 2400 1126 2441 praeseriim.

213 2456 275 2485 338
315 2452 423 2483 Utitur
451 2450 533 2490 arte]
577 2450 697 2492 Agitat
726 2451 868 2483 choreas
965 2453 1029 2482 346
1052 2449 1235 2489 Ariadnoeo]
1270 2447 1438 2479 Ariadnes
1462 2456 1621 2479 coronam

171 2504 277 2544 magis
307 2512 351 2533 ex
380 2501 448 2533 vini
484 2501 614 2542 impetu
651 2511 751 2542 quam
784 2502 867 2532 artis
921 2501 956 2533 in
981 2502 1101 2533 coelum
1127 2511 1146 2531 a
1170 2499 1306 2531 Baccho
1331 2498 1529 2529 translatam
1549 2498 1621 2539 jam

169 2554 319 2586 solertia.
923 2562 1015 2593 saepe
1030 2551 1185 2582 vidimus.

212 2607 275 2636 342
297 2601 412 2643 Aquae]
437 2601 560 2633 Vinum
581 2600 694 2643 potius
713 2601 867 2632 coronali
965 2605 1027 2633 347
1049 2600 1158 2640 Levis]
1188 2599 1256 2631 Ubi
1272 2599 1358 2630 levia
1374 2602 1410 2629 et
1432 2597 1556 2630 lasciva
1572 2607 1622 2630 re-

168 2655 346 2688 bibebant.
920 2651 1088 2684 feruntur.

211 2708 271 2736 343
296 2702 445 2742 Achelois]
469 2701 716 2735 AEtoliaeistum
729 2700 867 2733 fluvium
963 2704 1025 2734 348
1055 2700 1277 2740 Cothmmtas]
1302 2699 1436 2732 Quaein
1457 2699 1620 2731 cothurno

169 2766 230 2798 pro
258 2765 345 2797 aqua
370 2753 502 2796 posuit3
541 2753 583 2785 ad
608 2752 692 2784 illud
714 2752 866 2784 alludens
920 2757 1045 2794 essent,
1060 2751 1298 2793 cnjusmodiin
1320 2750 1507 2792 tragoediis,
1523 2760 1619 2792 gran-
