1773 3121
219 210 330 253 16:38
706 223 748 254 P.
781 222 938 253 ovmu
972 221 1183 253 NAsouis

572 442 690 487 FAB.
722 442 806 487 IV.
869 444 1041 500 Sibylla
1060 446 1103 486 in
1124 444 1312 486 Vocem.

221 549 382 592 Aponio,
398 551 494 584 Jovis
520 556 557 584 et
584 553 724 585 Latonae
751 553 850 594 filius,
872 554 1036 594 Sibyllam
1060 553 1183 585 Glauci
1199 553 1302 584 filiam
1326 561 1402 584 cum
1424 551 1597 594 diligeret,
1613 561 1674 594 pro

264 605 447 636 concubitu
474 605 616 645 optandi
647 607 780 637 veniam
806 607 936 638 tribuit.
980 606 1029 637 At
1052 607 1110 638 illa
1138 607 1170 637 in
1195 607 1332 646 longum
1364 605 1497 637 victura
1527 609 1673 645 tempus,

263 657 412 698 spatians
429 658 462 688 in
478 658 608 698 littore,
624 659 743 691 hausto
760 670 874 700 pugno
898 670 1025 700 arenae,
1051 660 1140 700 petit
1163 664 1215 691 tot
1241 668 1404 690 annorum
1420 658 1578 698 spatium,
1593 662 1675 698 quot

262 715 377 751 partes
393 711 467 751 ejus
484 711 698 743 dinumerare
715 718 840 752 posset.
886 713 998 753 Igitur
1014 717 1176 753 praestata
1191 711 1258 742 fide
1276 711 1318 743 ad
1334 715 1481 751 tempus,
1495 714 1674 740 senectute

264 764 396 805 dilapso
425 774 581 805 corpore,
610 766 730 796 relicta
755 771 807 797 est
836 776 914 805 vox,
940 776 1015 807 quae
1045 765 1208 805 Sibyllam
1236 764 1416 795 indicaret.
1470 762 1564 793 Deus
1593 770 1674 793 vero

264 819 426 850 voluisset
444 819 567 850 morari
584 829 657 851 eam
673 819 707 850 in
724 830 763 852 eo
779 830 917 852 munere
931 831 939 851 z
965 820 1025 851 sed
1042 820 1101 850 illa
1117 819 1270 859 neglexit
1287 817 1352 849 Dei
1367 817 1590 849 voluntatem.

222 902 353 960 HAS
375 921 449 960 ubi
469 921 692 973 praeteriit,
714 926 761 961 et
782 921 1110 974 Parthenopeia
1129 920 1288 961 dextra

221 984 393 1028 Moenia
413 987 626 1038 deseruit3
657 988 774 1028 laeva
794 987 847 1027 de
866 992 990 1040 parte
1013 988 1163 1027 canori

220 1053 416 1094 AEolidae
434 1054 663 1104 tumulum,
683 1057 726 1094 et
742 1053 843 1094 loca
863 1054 972 1094 foeta
986 1052 1258 1106 palustribus
1276 1052 1389 1094 ulvis

220 1118 390 1161 Littora
412 1119 663 1170 Cumarum,
686 1120 944 1173 vivacisque
964 1123 1086 1160 antra
1107 1120 1287 1173 Sibyllae

222 1186 362 1227 Intrat
379 1201 388 1227 :
419 1190 474 1237 et,
496 1191 543 1228 ut
557 1201 706 1228 manes
724 1186 857 1228 adeat
875 1200 953 1240 per
973 1185 1151 1227 Averna
1166 1190 1390 1239 paternoS,

224 1252 346 1295 Orat.
408 1254 470 1295 At
488 1255 564 1295 illa
583 1255 658 1295 diu
675 1255 820 1296 vultus
837 1254 989 1295 tellure
1008 1259 1205 1294 moratos

222 1319 396 1363 Erexit:
429 1322 693 1375 tandemque
712 1322 810 1363 Deo
831 1321 1066 1362 furibunda
1081 1326 1277 1374 recepto,

1594 1185 1689 1226 105,

266 1440 316 1463 lv.
341 1433 511 1472 Postquam
526 1432 580 1463 has
593 1433 732 1474 reliquit,
753 1437 843 1474 atque
855 1433 1011 1474 prater-iit
1026 1444 1045 1464 a
1058 1434 1172 1464 dextra
1188 1442 1288 1464 muros
1309 1432 1563 1473 Parthenopam,
1577 1431 1644 1463 adit
1658 1441 1679 1462 a

218 1478 310 1515 parte
335 1475 466 1505 sinistra
488 1476 660 1515 sepulcrum
684 1477 817 1507 AEotidae
832 1477 989 1516 tubicinis,
1011 1480 1042 1507 et
1057 1477 1166 1507 littora
1184 1477 1363 1514 Cumarum,
1389 1475 1453 1506 loca
1468 1475 1586 1506 consita
1600 1474 1681 1505 ulvis

218 1517 422 1556 palustribus,
437 1521 528 1557 atque
543 1519 701 1558 speluncas
715 1519 831 1550 vivacis
846 1518 973 1559 Sibyllae
984 1529 996 1555 ;
1018 1523 1048 1549 et
1061 1521 1209 1558 precatur
1230 1521 1265 1548 ut
1281 1518 1383 1549 veniat
1399 1520 1439 1548 ad
1454 1518 1565 1548 illimes
1578 1519 1681 1557 pater-

221 1568 278 1589 nos
291 1569 346 1598 per
360 1560 496 1590 Averna.
541 1562 586 1591 At
602 1561 656 1591 illa
677 1562 803 1592 sustulit
818 1562 917 1592 oculos
931 1561 986 1592 diu
1000 1562 1108 1603 affixos
1123 1565 1216 1592 terroe
1227 1571 1240 1598 ;
1261 1563 1290 1591 et
1316 1560 1445 1601 denique
1469 1559 1595 1591 turbata
1610 1559 1680 1597 Deos

829 1634 1070 1646 eeeeeeeeeeee

225 1674 402 1705 Contrahit.
406 1677 511 1705 ——100
524 1675 582 1705 Pr.
597 1674 673 1706 Pal.
687 1678 804 1706 ettres
820 1675 876 1705 alii
889 1676 1055 1714 relinquit5
1067 1676 1155 1715 vulg.
1168 1675 1307 1715 reliquit
1309 1678 1414 1706 —103
1428 1675 1511 1706 Cod.
1523 1675 1678 1708 Menard.

223 1718 278 1747 loc.
285 1716 373 1755 foeda
386 1717 519 1756 palustr.
537 1716 629 1747 Dein
641 1717 849 1747 ulvisHeins.
861 1717 958 1748 dedit
968 1727 1011 1748 ex
1021 1727 1073 1756 pr.
1086 1717 1191 1757 Gron.
1204 1717 1342 1755 Norico,
1352 1718 1524 1758 Bernegg.
1534 1727 1594 1758 pro
1607 1728 1679 1750 var.

222 1759 303 1790 leet.
320 1759 451 1789 Bersm.
464 1762 498 1789 et
510 1758 595 1796 aliis,
605 1768 665 1798 pro
678 1759 768 1798 vulg.
783 1759 884 1790 undis.
899 1760 975 1790 Duo
986 1753 1151 1799 paludibus
1164 1759 1243 1791 udis.
1246 1763 1350 1790 -105
1365 1760 1508 1792 Quidam
1525 1763 1558 1791 ut
1573 1760 1627 1791 vel
1638 1762 1680 1791 ad

224 1802 276 1832 M.
291 1801 405 1832 veniat.
407 1803 513 1832 —106
542 1801 675 1833 Vultus..
680 1804 824 1834 moratos
839 1801 959 1835 Heius.
975 1800 1107 1842 profert
1120 1811 1163 1832 ex
1179 1802 1304 1834 Tbuan.
1319 1802 1363 1835 Ο.
1385 1811 1453 1835 sec.
1475 1803 1550 1835 Pal.
1567 1807 1680 1845 quart..

882 1896 1022 1928 NOTAE

225 1967 439 1998 honestatam
468 1965 582 1997 trahit.
642 1966 741 1999 Quod
774 1968 922 1999 maxime

224 2015 363 2060 perfidis
379 2015 622 2055 adulatoribus,
647 2017 762 2057 simiis,
785 2022 843 2048 aut
865 2018 922 2049 ho-

225 2065 352 2097 minum
379 2065 492 2105 larvis,
517 2066 717 2107 hypocritiS,
734 2071 824 2099 esset
846 2077 924 2109 per-

977 1968 1192 1999 oraculorum
1208 1967 1433 1999 voluminibus
1449 1977 1524 2009 quae
1539 1969 1678 2011 Tarqui-

977 2018 1033 2048 nio
1049 2018 1168 2049 Prisco
1195 2018 1332 2057 obtulit,
1353 2019 1498 2049 maxime
1521 2019 1678 2052 celebris.

977 2069 1178 2109 Quanquam
1194 2078 1310 2099 eorum
1327 2069 1473 2099 omnium
1491 2069 1679 2101 vanitatem

226 2115 454 2156 pendendum.

269 2167 328 2195 101
355 2165 596 2205 Parthenopeia]
628 2166 793 2206 Neapolis
816 2171 880 2207 est,
904 2177 923 2198 a

226 2214 447 2256 Parthenope
489 2216 606 2247 Sirene
638 2217 682 2248 ibi
715 2219 849 2258 sepulta
875 2219 923 2250 sic

225 2265 330 2297 dicta.

268 2317 329 2346 103
355 2316 502 2357 AEolidae]
525 2317 693 2349 Misenum
715 2317 810 2356 dicit,
834 2319 923 2350 AEoli

225 2363 351 2403 filium;
388 2367 395 2381 ‘
414 2377 479 2407 quo
507 2376 571 2397 non
601 2369 813 2406 praestantior
838 2370 924 2400 alter

224 2414 305 2446 AEre
321 2415 409 2445 ciere
436 2417 538 2454 viros,
567 2417 783 2458 Martemque
807 2429 923 2451 accen-

225 2465 308 2498 dere
324 2471 423 2497 cantu
438 2466 457 2497 :’
481 2472 518 2497 ut
535 2468 658 2499 cecinit
673 2469 769 2509 Virg.
784 2469 858 2500 AEn.
877 2480 924 2502 vr.

272 2515 375 2556 Uli-is]
402 2517 605 2556 Stagnorum
629 2523 678 2549 est
705 2519 793 2559 alga,
818 2519 925 2551 herba

226 2565 349 2597 nullius
368 2576 456 2598 usus.

270 2618 331 2647 104
360 2616 496 2656 Viuucis]
541 2617 780 2658 Quamobrem,
808 2624 925 2660 postea

230 2664 372 2697 dicetur.

271 2714 413 2756 Sibylloe]
436 2716 606 2748 Cumaeam
623 2717 718 2756 dicit,
737 2728 812 2759 quae
837 2718 926 2750 inter

229 2764 349 2798 decem
365 2776 384 2797 a
401 2767 581 2799 Lactantio
596 2769 795 2811 recensitas,
805 2779 926 2801 novem

977 2118 1108 2158 prolixe
1131 2118 1330 2149 Blondellus
1347 2119 1471 2159 aliique
1488 2118 1550 2150 viri
1564 2120 1679 2160 magni

977 2174 1216 2211 coarguerunt.

1021 2223 1080 2251 105
1106 2218 1245 2258 Averna]
1293 2218 1460 2258 Avernus,
1493 2220 1527 2250 in
1555 2219 1679 2261 singul.

978 2280 1036 2301 seu
1064 2269 1212 2308 Averna,
1228 2269 1260 2299 in
1288 2270 1377 2308 plur.
1402 2271 1493 2301 lacus
1521 2269 1587 2301 fuit
1611 2279 1679 2301 non

976 2320 1076 2359 longe
1103 2330 1122 2349 a
1148 2319 1340 2350 Puteolano
1373 2319 1568 2360 Campaniae
1591 2319 1681 2360 sinu,

978 2368 1273 2409 profundissimus,
1310 2368 1441 2400 cinctus
1472 2369 1552 2400 olim
1586 2369 1680 2400 inac-

979 2419 1081 2450 cessis
1110 2419 1211 2459 sylvis
1242 2424 1344 2460 atque
1376 2419 1558 2459 praeruptis
1583 2417 1678 2450 colli-

979 2468 1062 2499 bus:
1088 2478 1151 2508 qua
1174 2478 1215 2498 ex
1236 2478 1286 2505 re,
1310 2478 1451 2509 euinque
1475 2469 1614 2508 insuper
1629 2471 1680 2499 to-

981 2524 1033 2550 tus
1049 2519 1104 2549 ille
1122 2525 1219 2549 terrae
1239 2523 1367 2549 tractus
1384 2527 1600 2557 cavernosus,
1613 2518 1679 2548 sul-

979 2569 1053 2600 fur*²
1078 2575 1180 2610 atque
1199 2569 1362 2600 bitumine
1386 2569 1559 2599 abundans
1575 2572 1677 2608 esset,

979 2619 1123 2650 maxime
1140 2617 1268 2648 factum
1287 2624 1323 2648 ut
1341 2618 1453 2649 Latini
1479 2617 1591 2657 poiitae
1615 2617 1677 2649 bae

980 2669 1082 2700 etiam
1111 2669 1142 2698 in
1168 2666 1300 2698 Inferos
1329 2668 1528 2698 descensum
1557 2671 1677 2708 patere

979 2719 1189 2758 scripserint.

1023 2771 1083 2801 107
1107 2768 1188 2809 Deo]
1211 2767 1380 2809 Apolline,
1395 2767 1537 2801 scilicet.
