1773 3121
563 202 828 234 FAs'ronuM
862 201 960 231 ΜΒ.
994 201 1046 233 11.
1421 194 1531 237 1871

78 295 196 339 Dent
213 295 291 338 tibi
313 295 532 344 coelesteS‚
550 299 659 348 quot
678 297 723 333 tu
745 293 1018 344 coelestibus,
1041 307 1205 338 annos:

135 363 307 418 Proque
328 367 401 404 tua
419 364 624 402 maneant
643 359 691 418 in·
707 359 898 401 statione
917 359 1062 402 domo.

75 430 189 472 Tum
209 443 380 486 quoque
400 427 533 468 vicini
552 427 676 467 lucus
698 427 945 468 celebratur
970 426 1097 482 Asyli
1115 443 1126 482 ;

134 498 238 549 Qua
256 498 368 552 petit
388 507 614 549 aequoreas
633 494 805 535 advena
825 494 1017 548 Thybris
1038 508 1193 549 aquas.

73 563 146 606 Ad
166 564 381 620 penetrale
404 562 580 611 Numae,
603 561 990 616 Capitolinumque
1010 563 1268 616 Tonantem,

132 632 269 686 Inque
289 630 319 672 J
323 630 420 671 ovis
446 641 615 670 summa
635 629 818 670 caeditur
840 642 940 671 arce
961 630 1132 673 bidens.

72 699 204 752 Saepe
222 710 373 752 graves
393 697 568 750 pluvias
588 696 825 750 adopertus
842 697 1029 738 nubibus
1050 696 1210 740 Auster

127 765 347 814 Concitat,
367 768 442 805 aut
461 764 610 817 posita
629 763 709 803 sub
730 764 831 804 nive
851 770 963 804 terra
983 765 1104 807 latet.

69 831 340 874 Pnoxuuus
364 831 606 886 Hesperias
625 830 758 871 Titan
779 831 978 872 abiturus
997 834 1040 873 in
1062 833 1219 884 undas,

127 900 340 942 Gemmea
362 899 593 953 purpureis
614 911 713 939 cum
728 899 837 952 juga
857 899 992 942 demit
1012 902 1136 955 equis
1156 915 1166 953 ;

1471 635 1526 676 70

67 1021 126 1052 tibi
147 1024 197 1052 tot
217 1031 324 1059 annos,
350 1024 420 1061 quot
441 1024 475 1051 tu
499 1021 538 1051 iis
562 1020 717 1061 praebes:
741 1025 833 1061 atque
858 1022 1005 1052 excubent
1022 1032 1080 1062 pro
1107 1026 1161 1053 tua
1181 1024 1278 1055 domo.
1327 1023 1403 1056 Tum
1424 1025 1520 1057 etiam

58 1063 280 1104 frequentatur
294 1064 377 1094 lucus
393 1063 484 1103 Asyli
498 1064 674 1104 propinqui,
689 1073 749 1104 qua
769 1064 900 1104 Thybris
914 1065 1020 1104 hospes
1034 1065 1117 1095 subit
1137 1075 1231 1105 aquas
1248 1067 1396 1098 marirms.
1444 1068 1522 1099 Oris

65 1109 219 1137 mactatur
232 1107 271 1136 ad
282 1108 438 1146 penetrale
455 1107 578 1143 Nmnoe,
593 1111 623 1136 et
643 1106 855 1145 Capitolinum
873 1107 1054 1143 Tonantem,
1077 1111 1106 1137 et
1124 1108 1157 1137 in
1169 1118 1309 1147 suprema
1325 1119 1395 1140 arce
1416 1111 1518 1141 doris.

65 1148 156 1189 Saepe
172 1149 275 1179 Natus
287 1152 387 1179 tectus
410 1148 536 1178 nubibus
550 1148 610 1178 ciet
629 1149 737 1178 densas
759 1148 894 1187 pluvias,
923 1149 970 1178 vel
993 1152 1078 1179 terra
1101 1149 1278 1180 abscondita
1303 1155 1347 1181 est
1373 1152 1428 1182 sub
1450 1153 1520 1183 nice

355 1191 434 1221 Cum
456 1190 618 1230 proximus
651 1190 746 1221 Titan
767 1190 965 1221 descensurus
988 1191 1020 1221 in
1036 1191 1156 1231 fluctus
1175 1191 1327 1232 occiduos,
1341 1195 1423 1224 tollit
1435 1194 1520 1234 juga

63 1194 263 1233 superstrata.

672 1284 908 1296 eeeeeeeeeeee

60 1354 209 1391 repertor,
233 1350 286 1381 vel
304 1349 534 1389 refectam—65
562 1350 644 1386 Quot
661 1359 703 1381 ex
720 1351 762 1382 R.
779 1350 835 1381 alii
852 1360 935 1391 quos.
982 1350 1037 1382 Fr.
1052 1360 1127 1391 quos
1147 1352 1203 1382 das
1224 1352 1289 1383 coel.
1313 1356 1347 1383 et
1372 1361 1456 1383 unus
1473 1353 1517 1384 V.

61 1403 160 1435 σφωε
174 1394 325 1425 meh—67
351 1393 442 1424 Nunc
453 1403 542 1433 quoq.
580 1393 662 1423 Mox
679 1394 769 1433 vulg.
784 1394 998 1424 scribebatur
1021 1393 1130 1426 celebr.
1152 1395 1290 1426 Aterni.-
1315 1394 1436 1426 Heius.
1459 1395 1519 1427 de·

61 1437 112 1468 dit
126 1436 217 1477 Asyli
232 1444 275 1466 ex
293 1435 408 1466 Ursin.
427 1435 555 1466 Arund.
575 1435 663 1466 Maz.
681 1436 809 1467 Zulich.
827 1437 975 1476 Nauger.
993 1442 1027 1467 et
1044 1436 1162 1467 decem
1178 1437 1272 1468 aliis:
1298 1437 1388 1477 conj.
1412 1446 1516 1477 porro

61 1479 206 1511 Helerni.
251 1477 318 1508 Sed
335 1478 402 1508 vid.
420 1477 540 1508 Heius.
558 1483 671 1508 notam
696 1479 727 1508 in
747 1479 830 1510 Not.
847 1479 1016 1509 Var.—70
1041 1479 1141 1510 Multi
1159 1479 1237 1510 libri
1263 1480 1298 1510 J.
1314 1480 1423 1509 summi
1438 1481 1514 1512 coed.

60 1524 141 1552 -71
167 1521 284 1552 Auster
301 1521 453 1562 reposuit
469 1520 586 1552 Heius.
604 1530 646 1552 ex
663 1521 796 1553 Zulich.
813 1522 903 1552 Maz.
919 1526 954 1553 et
970 1532 1027 1552 sex
1044 1521 1117 1552 aliis
1133 1532 1195 1563 pro
1213 1522 1302 1563 vulg.
1318 1522 1514 1554 cethem-74

717 1615 861 1648 NOTAE

60 1689 218 1729 excultis,
245 1689 370 1720 Urbem
388 1689 614 1721 adornarent:
638 1690 759 1721 multa-

59 1751 124 1784 que
137 1751 156 1772 a
172 1741 284 1772 multis
295 1745 470 1771 exstructa
482 1741 583 1771 sunt!

99 1794 140 1822 65
168 1791 360 1831 Cale-stibus]
386 1791 471 1823 Quia
484 1790 615 1821 illorum
631 1791 759 1831 templa

58 1840 241 1882 reparabat
255 1840 370 1871 Caesar
385 1841 448 1871 hoc
466 1840 562 1871 dicit.

98 1893 141 1921 66
164 1891 313 1922 Maneant
332 1891 363 1920 in
379 1889 536 1930 statione]
562 1890 756 1930 Excubent,

58 1940 210 1981 vigilent.

95 1992 135 2023 67
163 1989 256 2030 fiam]
283 1990 446 2021 Kalendis
463 1990 651 2022 Februarii.

97 2040 292 2081 celebratur]
324 2041 411 2074 Quia
428 2042 557 2073 solenni
575 2051 696 2082 pompa
709 2042 752 2073 ad

53 2091 180 2133 asylum
200 2092 329 2132 ibatur,
350 2102 408 2124 sen
436 2094 560 2134 lucum,
583 2094 640 2135 qni
664 2094 754 2125 inter

52 2142 139 2174 viam
166 2143 327 2174 Salariam
351 2148 386 2174 et
413 2143 561 2175 Tiberim
587 2143 663 2184 suit,
686 2154 752 2186 quo

52 2193 133 2225 victl
149 2202 168 2225 a
183 2193 293 2225 Gallia
309 2192 479 2234 fugientes
501 2204 519 2225 e
543 2194 662 2235 praelio
687 2195 754 2227 Ro-

50 2243 138 2274 mani
154 2253 189 2275 ae
204 2249 419 2284 receperunt.
439 2244 640 2286 Quanquam
651 2245 693 2276 de
710 2255 751 2276 eo

50 2301 93 2325 ne
104 2293 193 2325 bunc
207 2295 316 2325 locum
330 2303 539 2335 exponamus
552 2294 640 2325 istud
656 2293 750 2333 facit,

50 2342 139 2384 quod
149 2343 334 2375 Sextilibus
346 2343 510 2375 Kalendis
522 2344 678 2383 Lucaria,
691 2354 750 2376 seu

49 2391 136 2425 teuta
151 2395 184 2426 in
200 2394 263 2426 hoc
280 2395 357 2426 luco
370 2395 535 2426 celebrari
548 2395 661 2435 solita,
673 2405 748 2436 per·

49 2450 241 2485 agerentur.

89 2491 132 2526 08
153 2495 296 2536 Aduena]
329 2496 471 2528 Scilicet
495 2505 537 2527 ex
566 2495 746 2536 Apennino

49 2546 149 2585 atque
185 2545 350 2577 Hetruria
381 2547 533 2587 Romam,
559 2546 682 2577 deinde
714 2548 747 2578 in

51 2601 155 2633 mare,
166 2593 358 2627 devolvitur
371 2597 525 2638 Thybris.

90 2644 134 2673 80
150 2643 314 2677 Peucen-ale
329 2647 456 2689 Numoe]
481 2648 556 2680 Hoc
569 2648 746 2688 ensem-

50 2693 143 2733 plum
156 2693 305 2735 Venulo,
315 2698 405 2738 quod
416 2698 458 2731 ad
472 2700 592 2733 Numae
608 2700 746 2743 Pompi-

46 2743 84 2776 lii
103 2742 230 2784 regiam
240 2742 318 2777 suit.

858 1690 1084 1732 Capitolinum]
1130 1691 1170 1722 In
1195 1691 1324 1732 templo
1352 1691 1440 1733 quod
1470 1692 1512 1724 ab

812 1740 969 1781 Augusto
1004 1741 1082 1773 Jovi
1129 1741 1276 1772 Tonanti
1322 1742 1510 1773 excitatum

813 1791 845 1822 in
879 1791 1060 1831 Capitolio,
1096 1796 1132 1822 ut
1166 1791 1348 1823 Suetonius
1386 1792 1511 1832 docet;

811 1851 1022 1882 nequaquam
1041 1852 1116 1873 cum
1129 1842 1223 1874 Jovis
1236 1842 1321 1883 Opt.
1337 1842 1430 1874 Max.
1445 1843 1510 1874 alio

811 1891 950 1930 templo,
974 1891 1062 1931 quod
1085 1892 1315 1931 Capitolinum
1340 1893 1512 1933 dixerunt,

807 1950 868 1972 seu
899 1950 1009 1972 arcem
1041 1941 1282 1982 Capitolinam,
1312 1943 1379 1973 ullo
1409 1942 1510 1974 modo

807 1990 1094 2022 confundendum.

851 2044 892 2072 70
916 2041 1051 2082 Bidens]
1093 2042 1141 2072 Eo
1158 2042 1291 2072 nomine
1315 2042 1510 2084 appellatur

808 2091 880 2122 ovis
896 2091 987 2122 circa
1002 2091 1180 2131 bimatum,
1196 2093 1286 2123 inter
1300 2098 1378 2124 octo
1387 2092 1509 2124 dentes

807 2142 891 2174 duos
927 2142 1054 2174 habens
1102 2143 1364 2182 eminentiores;
1409 2144 1507 2185 eujus

807 2192 941 2233 generis
959 2193 1149 2236 aptissimas
1172 2192 1214 2223 ad
1232 2192 1400 2225 sacrificia
1419 2192 1509 2224 exis·

808 2243 986 2276 timabant.

847 2297 884 2325 ⁷1
902 2295 1007 2336 Soepe]
1023 2294 1152 2326 Eadem
1166 2303 1273 2335 prope
1289 2293 1330 2325 de
1344 2293 1507 2325 Kalendis

806 2344 906 2376 Febr.
923 2345 1026 2376 habes
1043 2355 1062 2376 a
1078 2345 1278 2377 Columella.

845 2396 887 2425 7³
913 2394 1098 2434 Proximus]
1134 2393 1288 2425 Secundo
1315 2391 1506 2434 Februarii,

804 2444 1062 2485 inquit‚occidit
1081 2445 1181 2484 Lyra.

847 2495 1033 2535 Hesperias]
1057 2493 1240 2526 Occiduu.

845 2547 885 2575 74
912 2544 1074 2584 Gemmca]
1115 2543 1205 2576 Quia
1229 2543 1330 2575 radiis
1353 2543 1422 2574 fluis
1448 2543 1502 2573 Sol

803 2604 975 2635 coruscus,
1010 2595 1188 2636 omniaque
1220 2594 1379 2633 illustrat,
1412 2602 1503 2631 gem-

800 2651 892 2678 mata
917 2651 952 2677 et
980 2646 1089 2678 nitida
1118 2645 1200 2678 fecit
1227 2646 1318 2678 Naso
1339 2651 1499 2688 equorum

800 2697 905 2739 ipsius
915 2697 1013 2742 juga.
