1773 3121
185 224 299 267 :2226

668 238 710 269 P.
743 237 898 268 ovim!
932 235 1144 267 NASONIS

693 535 1003 585 ELEGIA
1058 535 1124 582 V.

733 710 1085 744 ARGUMENTUM.

187 804 301 837 Amor
317 804 417 836 fidem
430 806 547 837 laudat
561 806 683 844 Poeta,
700 807 790 847 quod
809 806 910 837 etiam
927 807 961 836 in
978 806 1126 837 adversis
1143 816 1219 838 eum
1236 814 1406 847 nunquam
1423 801 1637 836 deseruerit:

231 868 331 899 quam
358 867 430 889 rem
453 868 546 889 raros
572 858 751 889 admodum
775 868 818 890 ex
835 861 903 889 tam
920 857 1034 889 multis
1050 855 1179 887 fatetur
1196 858 1259 888 sibi
1277 857 1488 898 praestitisse.
1532 856 1638 888 Simul

229 921 306 943 eum
321 911 488 951 hortatur,
502 916 541 943 ut
557 911 591 943 in
606 911 749 953 pristino
764 920 877 943 amore
892 910 1062 953 persistat,
1078 919 1140 941 nec
1158 908 1349 951 Angustum
1365 911 1496 941 timeat.

190 1024 250 1084 Ο
276 1053 389 1084 MIHI
411 1047 514 1097 post
533 1043 646 1084 ullos
666 1056 889 1098 nunquam
909 1042 1182 1084 memorande
1204 1042 1395 1093 sodales,

246 1110 285 1151 Ο
308 1111 381 1152 cui
400 1111 625 1166 praecipue
647 1124 744 1152 sors
763 1124 861 1152 mea
880 1111 980 1152 visa
1001 1123 1080 1152 sua
1101 1114 1193 1162 est3

236 1226 264 1256 0
280 1234 434 1266 nunquam
454 1225 531 1257 mihi
546 1227 725 1257 recensende
736 1228 806 1266 post
820 1226 899 1257 ullos
912 1227 1020 1266 socios,
1044 1235 1061 1256 o
1076 1224 1125 1256 cui
1140 1234 1207 1256 sors
1222 1234 1288 1256 mea
1310 1223 1377 1255 visa
1402 1227 1447 1255 est
1466 1222 1643 1265 proesertim

798 1305 932 1317 eeeeeee

936 1306 1030 1317 eeeee

233 1366 249 1393 1
276 1361 362 1394 Edd.
387 1361 541 1402 quaedam
564 1364 633 1401 post
649 1361 746 1391 nullos
760 1370 894 1400 unquam
909 1363 1062 1405 mena—2
1087 1361 1221 1401 Gryph.
1239 1364 1274 1391 et
1288 1361 1447 1391 Vincent.
1475 1359 1562 1391 Edd.
1596 1361 1643 1391 Et

859 1463 1000 1497 NOTAE

234 1545 250 1572 1
280 1541 358 1572 Post
379 1539 471 1580 ullos]
501 1539 672 1581 Siquidem
696 1539 823 1580 primus
844 1539 890 1571 sit

191 1590 258 1622 fide
275 1590 309 1622 in
326 1590 475 1622 adversis
492 1590 647 1631 probata.

235 1644 255 1672 2
278 1639 360 1681 Sua]
404 1640 453 1672 Ea
478 1645 530 1672 est
553 1640 678 1672 Christi
704 1644 740 1672 et
769 1640 826 1671 lex
855 1645 891 1672 et

191 1690 354 1731 conditio,
367 1695 403 1722 et
419 1701 508 1732 spes,
523 1691 612 1722 unde
629 1694 746 1722 cetera
760 1689 867 1723 fluant
883 1702 892 1730 ;

193 1746 231 1773 ut
258 1749 372 1772 omnes
398 1744 566 1782 quotquot
593 1741 627 1772 in
652 1741 726 1781 ejus
749 1750 891 1781 corpore

192 1800 272 1823 vera
288 1790 354 1822 fide
369 1791 487 1822 vivunt
511 1800 614 1822 unum
632 1791 699 1822 sint
714 1800 773 1822 cor
788 1796 891 1833 atque

192 1851 259 1873 nna
272 1841 392 1881 anima,
407 1841 463 1882 qui
487 1841 605 1872 eadem
628 1842 787 1880 sentiant,
804 1841 893 1873 bona

192 1892 345 1933 malaque
379 1892 481 1932 juxta
512 1891 701 1923 communia
733 1892 894 1924 habeant.

193 1942 451 1982 Promulgatum
476 1945 528 1973 est
555 1941 694 1981 insuper
717 1941 893 1973 decretum

194 1992 282 2033 qnod
299 2002 414 2023 omnes
437 1991 606 2032 improbos
623 1991 658 2022 in
677 2001 747 2023 rem
772 1992 893 2023 malam

195 2042 368 2081 deturbet,
383 2042 564 2074 novissima
577 2042 632 2073 die
655 2043 893 2083 repetendum,

195 2094 204 2110 ‘
221 2093 412 2132 Discedite,
424 2093 628 2124 execrandi:
647 2093 724 2134 quia
735 2093 824 2124 enirn
836 2103 893 2124 ne·

195 2150 259 2184 que
289 2143 451 2173 esurienti
482 2144 605 2183 cibum,
634 2153 741 2184 neque
764 2143 894 2174 sitienti

196 2197 313 2232 potum
330 2192 547 2231 praebuistis:
562 2195 625 2223 διο.
649 2202 792 2233 namque
813 2192 895 2223 satis

196 2250 363 2282 superque
388 2240 481 2270 docti
505 2244 582 2270 sunt
602 2240 797 2271 Christiani.
841 2241 893 2270 Ex

195 2300 232 2324 re
243 2291 316 2332 ipsa
327 2290 400 2321 illos
409 2294 555 2330 spectes.
574 2289 760 2330 Postquam
771 2298 895 2329 paucos

196 2344 283 2377 JESU
307 2341 488 2373 servatoris
510 2341 693 2381 discipulos
717 2340 896 2380 exemeris,

198 2398 331 2425 ceteros
354 2392 552 2423 vaferrimos
580 2391 729 2422 invenias
758 2390 896 2421 nebulo-

197 2453 267 2484 nes,
282 2443 471 2483 plerosque,
484 2441 676 2473 Pharisaeos
694 2441 898 2482 praesertim,

199 2498 299 2535 atque
317 2493 349 2523 in
365 2492 441 2523 istis
453 2492 601 2523 omnium
612 2491 772 2532 pessimos
783 2491 839 2532 qui
854 2490 896 2521 de

197 2543 367 2583 Veritate,
383 2551 481 2582 quam
498 2546 590 2572 certe
602 2542 759 2573 obtinent
775 2546 810 2572 et
823 2550 898 2581 pro-

197 2592 352 2631 fitentur,
378 2601 484 2632 usque
500 2596 535 2621 et
559 2600 664 2632 usque
687 2591 895 2632 gloriantur:

200 2643 295 2685 quasi
310 2643 397 2673 viam
423 2641 691 2680 munitissimam,
707 2650 897 2672 accensam·

199 2703 265 2735 que
276 2692 420 2724 maxime
429 2691 553 2724 habere
565 2690 687 2731 facem,
697 2690 779 2722 satis
794 2689 897 2721 fuerit

199 2747 240 2775 ut
264 2752 430 2785 quoquam
458 2740 672 2773 deveniatur.
721 2740 896 2772 Graeculo-

201 2802 275 2828 rum
299 2793 427 2825 nullum
443 2801 526 2835 quos
550 2791 716 2834 corripuit
728 2791 899 2835 Polyphe-

944 1548 1017 1569 mus
1035 1540 1132 1569 tanta
1151 1536 1246 1567 rabie
1270 1534 1402 1575 afflixit,
1426 1533 1549 1564 nullius
1574 1536 1644 1564 tam

946 1598 1067 1630 aspere
1099 1587 1272 1629 quassavit
1301 1596 1389 1626 ossa,
1413 1588 1540 1626 quanto
1567 1593 1645 1616 cum

944 1638 1080 1669 invidiae
1095 1637 1210 1669 furore
1238 1635 1345 1667 frater
1368 1634 1508 1667 fratrem
1531 1633 1644 1665 vivum

946 1688 1112 1728 deglubit,
1120 1687 1274 1718 autillius
1284 1686 1477 1718 vulneribus
1486 1684 1647 1716 vescitur.

947 1739 1146 1780 Quanquam
1176 1746 1257 1768 vero
1284 1737 1333 1768 ita
1367 1738 1529 1777 expertus
1562 1744 1646 1774 sum,

946 1799 1068 1831 ineque
1084 1788 1204 1820 rabiosi
1216 1788 1473 1820 calumniatores
1486 1792 1646 1827 tanquam

947 1842 1162 1874 Socinianum
1193 1845 1229 1872 et
1259 1840 1380 1881 patriae
1414 1840 1647 1870 imminentem

948 1896 1080 1933 pestem
1092 1891 1366 1932 exagitaverunt,
1378 1893 1416 1922 ut
1426 1888 1508 1921 feris
1520 1888 1649 1920 lanian-

949 1943 1027 1973 dum
1058 1942 1261 1982 objicerent,
1282 1941 1438 1979 scilicet;
1472 1949 1540 1971 non
1569 1938 1647 1969 ideo

947 1997 1059 2024 tamen
1097 1992 1190 2024 istud
1231 2001 1417 2032 conqueror
1460 1987 1648 2022 ulciscendi

948 2052 1060 2081 causa,
1099 2042 1159 2073 sed
1196 2042 1303 2083 magis
1339 2040 1497 2073 hortandi
1540 2044 1579 2071 ut
1612 2040 1647 2069 in

949 2094 1132 2126 Charitatis
1148 2094 1249 2133 viam,
1260 2094 1286 2125 si
1301 2093 1390 2134 potis
1402 2096 1467 2130 est,
1483 2091 1646 2122 redeant:

948 2155 1090 2185 namque
1114 2145 1179 2175 hoc
1203 2144 1345 2184 primum
1369 2143 1403 2172 in
1427 2140 1647 2180 resipiscente

947 2195 957 2211 ‘
974 2195 1187 2235 iniquitatem
1203 2202 1294 2224 suam
1310 2190 1520 2233 agnoscere.'
1547 2190 1648 2222 Cete-

948 2252 1034 2281 rum,
1071 2241 1153 2272 data
1186 2242 1377 2282 occasione,
1411 2251 1454 2272 ne
1493 2239 1647 2281 cuiquam

949 2291 1071 2322 fuerim
1087 2289 1303 2329 offendiculo,
1327 2294 1430 2330 atque
1457 2290 1508 2321 nti
1534 2299 1650 2329 porro,

951 2341 1041 2372 sicut
1056 2340 1201 2379 institui,
1224 2339 1454 2380 promovendo
1469 2338 1502 2369 in
1517 2338 1648 2369 adoles·

951 2391 1106 2423 centibus
1117 2391 1203 2423 JESU
1216 2391 1371 2422 CHRISTI
1389 2398 1494 2430 regno
1509 2398 1647 2430 operam

949 2451 1058 2473 meam
1075 2449 1201 2482 ponere
1212 2440 1293 2471 nihil
1304 2439 1551 2480 prohibeat‚ita
1560 2439 1648 2471 bene

949 2491 1064 2523 faveas
1081 2501 1152 2531 ore,
1179 2491 1318 2529 Lector,
1344 2492 1444 2530 atque
1465 2489 1551 2520 hanc
1573 2497 1647 2528 gra-

950 2542 1032 2573 tiam
1048 2540 1166 2582 quovis
1190 2540 1300 2581 pretio
1321 2538 1577 2579 rependendam
1599 2538 1649 2570 in-

950 2592 1104 2632 dulgeas,
1119 2595 1169 2630 ut,
1182 2594 1301 2621 contra
1318 2599 1416 2630 quam
1440 2589 1535 2629 livor,
1552 2593 1588 2620 et
1604 2598 1648 2621 ex

950 2651 990 2672 eo
1008 2641 1120 2672 odium
1142 2640 1260 2679 suasit,
1279 2639 1453 2671 testificari
1473 2639 1578 2671 liceat
1593 2649 1648 2671 me

950 2701 1011 2732 per
1026 2700 1186 2722 summam
1203 2690 1270 2721 Dei
1286 2689 1551 2721 misericordiam
1566 2690 1616 2721 ita
1628 2699 1648 2721 a

950 2741 1098 2784 pueritia
1126 2740 1303 2781 imbutum,
1329 2744 1430 2782 atque
1455 2739 1648 2772 robustiore

950 2795 1066 2835 aetate,
1087 2794 1288 2834 maturoque
1303 2790 1449 2834 judicio,
1470 2788 1646 2823 confirma-
