1773 3121
202 220 317 261 2204

686 230 726 261 P.
756 230 914 261 OVIDII
948 229 1162 262 NASONIS

204 321 407 378 Quaeque
427 324 700 377 quiescebat,
717 338 772 365 ne
790 330 913 368 mota
932 326 1138 368 resaeviat
1157 326 1237 376 ira,

260 391 318 432 Et
336 404 483 445 poenae
502 396 544 432 tu
568 393 629 432 sis
650 393 782 434 altera
801 407 950 444 causa,
972 407 1094 435 cave.

204 459 314 501 Cum
335 464 478 500 tamen
498 461 542 500 in
562 464 754 501 nostrum
775 461 907 501 fueris
926 461 1150 514 penetrale
1170 461 1381 512 receptus,

1573 461 1660 502 105

261 525 594 580 Contigerisque
613 532 747 578 tuam,
769 530 928 570 scrinia
950 542 1098 579 curva,
1121 528 1326 580 domum3

203 592 412 646 Aspicies
431 595 522 635 illic
546 596 718 649 positos
738 609 793 636 ex
814 596 961 636 ordine
982 594 1149 644 fratres,

261 660 388 711 Quos
411 662 601 703 studium
625 668 805 704 cunctos
826 664 1048 716 evigilavit
1069 663 1200 704 idem.

204 727 358 769 Cetera
378 731 506 770 turba
526 731 671 782 palam
690 731 842 771 titulos
870 732 1069 772 ostendet
1089 734 1264 785 apertos
1281 744 1291 783 3

262 795 320 835 Et
340 808 420 836 sua
439 797 609 836 detecta
629 797 806 836 nomina
826 796 962 836 fronte
982 802 1111 848 geret.

1577 796 1662 838 110

204 860 315 902 Tres
337 864 488 916 procul
509 864 698 904 obscura
718 864 934 904 latitantes
956 870 1082 916 parte
1102 864 1273 904 videbis
1291 877 1301 904 ε

262 928 329 968 Hi
349 943 541 982 quoque,
563 930 682 984 quod
703 944 830 971 nemo
851 931 1008 980 nescit,
1033 943 1181 971 amare
1202 929 1372 970 docent.

207 993 310 1036 Hos
331 998 377 1035 tu
397 997 470 1037 vel
488 996 645 1049 fugias,
665 998 750 1047 vel,
773 998 811 1037 si
831 998 940 1038 satis
962 998 1050 1038 oris
1071 998 1270 1046 habebis,

264 1061 519 1117 OEdipodas
539 1064 674 1106 facito
695 1064 1026 1119 Telegonosque
1045 1078 1193 1106 voces.

206 1185 287 1213 metu
304 1183 425 1213 mentis.
470 1184 573 1223 Atque
588 1194 670 1223 care,
687 1194 723 1215 ne
738 1185 786 1215 z'ra
812 1195 879 1226 qnae
907 1189 975 1216 erat
995 1185 1173 1225 composita,
1197 1188 1364 1224 provocata
1379 1186 1572 1226 exardescat,
1586 1189 1616 1218 el
1632 1190 1668 1218 tu

205 1225 249 1256 sis
273 1226 372 1256 altera
395 1235 486 1256 causa
501 1226 657 1265 supplicii.
703 1227 784 1256 Cum
808 1231 910 1257 tamen
924 1228 1055 1257 subieris
1077 1232 1216 1258 nostrum
1242 1228 1436 1259 secretiorem
1456 1238 1615 1269 secessum,
1637 1233 1667 1260 et

205 1268 362 1306 tetigeris,
382 1268 499 1298 scrinia
519 1278 604 1307 cava,
617 1272 686 1298 tuas
706 1269 792 1299 sedes
803 1278 814 1304 ,⁴
837 1269 953 1298 ridebis
978 1269 1043 1299 illic
1062 1268 1184 1306 fratres
1199 1269 1273 1299 sitos
1289 1280 1327 1299 ecc
1344 1271 1462 1309 ordine,
1478 1282 1552 1310 quos
1566 1282 1668 1302 omnes

207 1311 313 1340 eadem
327 1320 402 1339 cura
416 1310 557 1340 absolvit.
602 1311 768 1349 Reliquum
787 1320 899 1347 agmen
913 1314 1019 1349 aperte
1043 1311 1200 1340 exhibebit
1224 1311 1332 1341 titulos
1345 1314 1488 1352 detectos,
1503 1317 1532 1344 et
1545 1314 1667 1345 habebit

206 1361 259 1382 sua
277 1352 399 1381 nomina
415 1353 447 1381 in
455 1351 565 1388 fronte
580 1353 672 1381 meda.
716 1351 858 1390 Aspicies
883 1354 948 1381 tres
971 1352 1077 1391 procul
1100 1361 1163 1381 sese
1189 1354 1376 1383 occultantes
1389 1354 1422 1384 in
1439 1356 1500 1384 loco
1523 1355 1666 1387 obscuro:

207 1394 268 1424 Isti
285 1393 391 1432 ctiam,
408 1396 442 1423 ut
458 1403 560 1424 omnes
568 1393 683 1434 sciunt,
697 1394 806 1424 docent
819 1403 935 1424 amare.
987 1395 1041 1425 Vel
1056 1397 1090 1423 tu
1103 1394 1156 1424 hos
1171 1394 1260 1434 vites,
1274 1394 1321 1425 vel
1334 1397 1362 1426 si
1376 1396 1454 1426 satis
1468 1398 1582 1429 audens
1597 1400 1668 1438 eris,

820 1477 897 1488 vro-ese
901 1477 973 1487 ›ee-e
977 1477 1053 1487 »em

206 1533 308 1564 animo
327 1536 423 1564 nostr.
443 1532 563 1564 Heius.
575 1534 660 1575 conj,
677 1538 721 1565 est
733 1544 857 1573 magno,
872 1534 925 1565 vel
937 1538 981 1564 est
993 1535 1086 1570 omni,
1100 1533 1153 1564 vel
1165 1533 1420 1566 exanimi.—-104
1436 1536 1571 1577 Fragm.
1584 1538 1667 1569 Rev.

206 1576 268 1607 Be.
285 1580 321 1606 et
335 1581 415 1607 octo
431 1576 487 1606 alii
500 1586 575 1607 cum
593 1587 644 1617 pr.
661 1577 726 1608 Ed.
742 1588 820 1617 poen.
835 1587 872 1608 ue
888 1577 945 1608 sis.
969 1577 1053 1607 Mox
1072 1577 1168 1607 Voss.
1192 1577 1358 1617 Excerpt.
1375 1588 1458 1609 caus.
1474 1583 1666 1611 meae.—105

207 1619 299 1651 Olim
317 1618 451 1650 volebat
468 1619 590 1649 Heius.
607 1621 639 1650 in
652 1621 852 1658 notum-fuer.
864 1621 907 1650 V.
921 1625 956 1650 et
972 1619 1075 1650 Barb.
1090 1623 1347 1651 vestrum—106
1377 1621 1483 1652 Curva
1495 1621 1668 1660 meliores,

206 1662 306 1692 etsie
324 1661 473 1701 vulgati:
508 1662 627 1693 Heius.
651 1663 810 1702 placebat.
838 1663 916 1693 olim
934 1666 1023 1693 curta
1050 1662 1187 1702 reponi3
1213 1663 1270 1692 sed
1299 1668 1418 1703 postea
1433 1665 1480 1694 nil
1510 1666 1667 1696 mutavit:

207 1704 282 1735 Lib.
301 1703 443 1734 Aldinus
461 1710 495 1735 et
513 1705 554 1734 V.
564 1709 779 1744 parem—109
796 1707 944 1736 Ostendet
958 1705 1078 1736 Heins.
1094 1705 1270 1745 rescripsit
1284 1715 1327 1735 ex
1339 1706 1381 1736 V.
1394 1711 1429 1736 et
1443 1717 1501 1737 sex
1515 1707 1587 1738 aliis
1600 1718 1669 1739 me-

205 1746 347 1777 lioribus
367 1756 426 1785 pro
444 1748 534 1787 vulg.
551 1749 804 1779 ostendit.—-110
817 1749 857 1779 V.
874 1749 949 1779 Pal.
963 1754 1034 1787 opt.
1048 1753 1084 1779 et
1097 1748 1193 1778 multi
1208 1747 1263 1778 alii
1278 1748 1434 1787 meliores
1449 1753 1559 1787 ξενίαι,-
1575 1751 1670 1791 vulg.

204 1790 312 1828 gerit.-
346 1789 402 1819 alii
427 1794 541 1829 gerunt
566 1797 599 1821 et
615 1795 742 1829 gerent.-
767 1791 862 1822 Leid.
879 1791 1010 1829 ferent,·
1045 1791 1124 1822 Jun.
1143 1790 1350 1827 feret.—ll2
1376 1791 1484 1822 Faber
1499 1793 1671 1833 corrigen-

208 1831 288 1862 dum
305 1837 422 1862 censet
439 1833 519 1871 Hos,
535 1834 588 1873 qui
605 1835 703 1873 quod:
728 1834 867 1872 vulgata
894 1834 998 1873 magis
1027 1834 1142 1863 Burm.
1172 1833 1349 1873 placebat3
1375 1834 1431 1874 qui
1448 1839 1560 1866 tamen
1579 1836 1669 1876 conj.

207 1874 287 1913 Hic,
302 1875 353 1904 vel
370 1874 423 1906 Sic
439 1885 564 1915 quoque.
611 1876 651 1907 In
676 1887 741 1908 uno
768 1878 855 1907 Mor.
884 1882 958 1907 erat
986 1876 1035 1906 Hi
1059 1879 1124 1907 tres
1140 1877 1241 1915 qu⁰d;
1265 1883 1298 1906 et
1317 1877 1350 1907 in
1367 1877 1476 1908 Servii
1507 1877 1590 1910 Cod.
1623 1879 1670 1910 Hi

208 1918 380 1958 φιλ-113
403 1918 522 1949 Heius.
540 1920 636 1950 malit
653 1920 736 1955 Quos
751 1922 903 1950 tu.-—ll4
928 1919 996 1950 Alii
1013 1920 1318 1960 Telegonosq.-—ll5
1346 1918 1414 1950 Alii
1426 1921 1524 1960 siqua
1539 1920 1669 1952 esttibi.

870 2015 1010 2046 NOTAE

209 2085 276 2116 bien
300 2086 400 2124 faire,
425 2097 461 2116 on
490 2088 605 2124 nefait
625 2092 751 2118 som-ent
772 2088 837 2118 rien
861 2089 913 2128 qui

209 2136 314 2167 voille.
352 2136 443 2167 Quid
470 2137 559 2176 quod
589 2147 628 2167 eo
656 2138 808 2177 plerique
833 2142 913 2168 sunt

210 2186 360 2225 ingenio,
384 2190 422 2215 ut
447 2195 512 2226 quo
538 2187 694 2216 meliores
715 2191 795 2216 sunt
812 2187 912 2216 ratio-

211 2244 270 2266 nes
287 2240 321 2266 et
338 2236 379 2266 ad
399 2245 467 2265 rem
486 2236 650 2275 aptiores,
666 2246 705 2267 eo
723 2238 827 2277 magis
841 2238 913 2268 illas

211 2289 432 2316 contemnunt
452 2289 552 2326 atque
577 2289 764 2327 respuunt?
789 2288 828 2318 Id
854 2297 914 2318 nu-

211 2344 274 2375 per
286 2339 448 2374 expertus
466 2345 537 2365 sum
554 2345 630 2376 ego,
643 2336 699 2376 qui
716 2338 914 2368 stultissime

212 2385 303 2425 apud
331 2384 473 2424 invidos,
503 2396 586 2425 quos
615 2394 727 2417 tamen
759 2397 815 2418 eos
840 2398 914 2419 esse

212 2434 352 2473 nescivi,
375 2436 501 2475 optima
513 2440 606 2466 cerie
618 2436 779 2478 (namque
801 2438 914 2479 erant)

213 2494 281 2515 non
312 2484 383 2514 sine
415 2485 527 2525 aliquo
557 2487 727 2518 dedecore
759 2490 914 2529 exposui.

213 2535 348 2567 Nudari
364 2535 428 2566 sibi
447 2535 605 2575 pudenda
622 2538 829 2570 arbitrantur
846 2541 915 2579 qui-

213 2595 359 2626 cumque
385 2586 522 2616 virtutis
549 2593 710 2626 expertes
728 2589 854 2628 aliquid
873 2589 914 2619 de

213 2636 332 2667 alienis
357 2636 454 2666 bonis
477 2636 628 2667 audiunt.
667 2637 755 2667 illud
775 2639 806 2668 in
825 2648 915 2669 men-

214 2690 285 2717 tem
316 2686 432 2716 venire
464 2686 542 2716 mihi
575 2686 767 2718 debuisset:
805 2698 914 2729 neque

214 2747 291 2768 mea
303 2736 531 2776 proculcanda
547 2736 757 2778 objecissem.

259 2789 320 2819 105
344 2786 526 2828 Penetrale]
555 2787 684 2819 Domus
711 2798 780 2820 suae
806 2798 916 2821 secre-

970 2088 1074 2118 tiores
1089 2091 1202 2127 partes
1219 2086 1316 2117 dicit.

1013 2139 1073 2167 107
1097 2136 1242 2175 Fratres]
1267 2135 1384 2167 Libros
1395 2136 1481 2168 dicit
1498 2147 1517 2168 a
1529 2138 1669 2171 Nasone

967 2186 1193 2225 conscriptos.

1010 2238 1073 2266 109
1099 2235 1216 2274 Turba]
1246 2236 1422 2268 Librorum
1442 2239 1551 2278 copia.

1012 2288 1071 2315 111
1101 2285 1189 2325 Tres]
1222 2285 1302 2315 Illos
1325 2286 1410 2317 dicit
1426 2289 1547 2328 quibus
1563 2296 1670 2323 artem

969 2335 1104 2366 amandi
1131 2335 1272 2373 docuit3
1297 2337 1385 2367 sicut
1409 2343 1444 2369 et
1471 2340 1526 2370 alii
1548 2341 1671 2373 docue-

969 2391 1059 2418 rant.

1014 2440 1075 2468 114
1102 2437 1291 2478 OEclipodus]
1310 2439 1437 2479 OEdipo
1455 2442 1595 2480 similes,
1613 2443 1672 2484 qni

971 2487 1093 2518 Laium
1124 2492 1257 2527 patrem
1281 2489 1516 2521 Thebanorum
1540 2502 1671 2533 regem,

971 2547 1160 2578 quanquam
1178 2538 1306 2568 nescius
1325 2539 1418 2570 illum
1432 2549 1519 2577 esse,
1531 2542 1671 2576 occidit.

1014 2587 1193 2626 Telegonos]
1237 2588 1324 2619 Quia
1348 2589 1450 2620 etiam
1478 2590 1672 2633 Telegonus

970 2638 1101 2678 Ulyssis
1115 2644 1149 2668 et
1161 2638 1372 2669 Circvsfilius
1382 2642 1527 2673 insciens
1537 2647 1671 2684 patrem

971 2687 1155 2719 interfecit.
1186 2690 1294 2720 Quam
1305 2701 1408 2730 grave
1422 2697 1536 2724 autem
1550 2693 1671 2726 Poetae

970 2737 1075 2769 fuerit
1088 2748 1182 2768 suum
1201 2739 1337 2771 exilium
1353 2750 1396 2772 ex
1412 2750 1453 2773 eo
1469 2747 1566 2784 patet
1579 2743 1670 2785 quod

969 2789 1069 2821 morti
1085 2789 1285 2831 aequiparat.
