1773 3121
236 239 348 283 1708

236 347 427 397 Parcite,
444 348 678 397 mortales,
699 347 892 400 dapibus
914 352 1122 389 temerare
1143 347 1345 390 nefandis

511 414 624 454 Sunt
642 414 785 466 fruges
805 428 815 465 3
855 422 956 455 sunt
976 415 1240 457 deducentia
1258 428 1405 457 ramos

237 415 450 468 Corpora.

723 253 763 283 P.
796 252 876 282 OVI
887 252 954 283 DII
985 252 1200 285 NASONIS

1629 346 1689 389 -75

236 481 436 522 Pondere
456 494 591 535 poma
612 494 708 531 suo,
730 483 998 535 tumidaeque
1019 483 1064 522 in
1086 484 1246 524 vitibus
1264 496 1366 524 uvae
1384 497 1393 524 :

236 549 347 589 Sunt
366 550 514 589 herbae
538 549 712 591 dulces:
744 555 858 600 sunt,
881 565 980 604 quae
1003 551 1229 591 mitescere
1248 550 1439 602 flamma,

236 615 490 670 Mollirique
511 621 684 670 queant.

746 617 843 658 Nec
865 618 993 658 vobis
1015 618 1187 658 lacteus
1208 618 1358 658 humor

236 682 442 737 Eripitur,
463 697 542 724 nec
563 685 690 725 mella
710 685 846 739 thymi
867 686 1106 726 redolentia
1126 685 1290 726 florem.

1635 683 1691 726 80

235 751 432 804 Prodiga
450 752 646 802 divitias,
666 753 960 806 alimentaque
981 754 1104 794 mitia
1122 753 1256 794 tellus

236 818 464 871 Suggerit:
498 823 628 872 atque
649 820 804 872 epulas
825 821 916 861 sine
939 821 1062 862 caede
1083 825 1126 862 et
1145 821 1354 874 sanguine
1376 820 1557 874 praebet.

236 884 377 925 Carne
396 886 497 926 ferae
520 887 670 926 sedant
684 888 875 941 jejunia:
906 901 988 928 nec
1009 893 1150 929 tamen
1172 902 1339 929 omnes.

237 949 418 1005 Quippe
441 965 596 1005 equus,
617 957 661 992 et
678 953 889 1005 pecudes,
912 959 1192 1007 armentaque
1213 956 1403 1007 gramine
1426 955 1588 995 vivunt.

235 1018 297 1059 At
317 1019 479 1072 quibus
500 1020 716 1071 ingenium
737 1023 803 1059 est
822 1020 1251 1074 immansuetumque
1273 1022 1512 1074 ferumque,

1633 1018 1692 1061 85

236 1086 540 1140 Armeniaeque
561 1087 707 1139 tigres,
729 1088 1011 1141 iracundique
1027 1088 1194 1138 leones,

236 1152 435 1206 Cumque
456 1154 573 1206 lupis
595 1154 699 1204 ursi,
722 1154 912 1207 dapibus
935 1167 1033 1194 cum
1055 1155 1263 1207 sanguine
1285 1154 1489 1207 gaudent.

235 1286 361 1317 corpora
387 1277 485 1317 epulis
511 1278 657 1308 scelestis.
703 1278 781 1309 Sunt
799 1278 927 1317 fruges,
953 1282 1023 1310 sunt
1045 1289 1135 1319 poma
1156 1278 1319 1309 marrantia
1334 1287 1435 1309 ramos
1448 1287 1504 1309 sua
1516 1277 1691 1317 gravilate,

234 1323 325 1359 atque
340 1321 452 1350 racemi
468 1320 589 1359 turgidi
604 1321 633 1350 in
650 1321 783 1351 vitibus:
805 1325 877 1352 sunt
898 1323 981 1352 olera
997 1322 1109 1357 minim
1140 1324 1210 1352 sunt
1234 1331 1301 1362 qua:
1319 1321 1439 1360 possint
1449 1321 1528 1362 fieri
1550 1320 1691 1351 dulciora

235 1363 307 1400 igne
321 1365 411 1402 atque
425 1363 557 1392 emolliri
569 1374 578 1393 .·
602 1373 696 1403 neque
711 1364 756 1393 lac
772 1364 856 1394 voltis
870 1365 1003 1403 tollitur,
1019 1374 1113 1404 neque
1125 1364 1183 1394 mel
1187 1363 1342 1402 fragrans
1347 1363 1430 1403 flore
1443 1363 1555 1403 thymi.
1594 1363 1691 1393 Terra

235 1404 453 1442 benignissima
463 1406 580 1445 prat-et
591 1416 661 1446 opes
674 1409 704 1436 et
714 1406 795 1437 cibos
803 1407 903 1437 dulces
913 1418 924 1443 ;
936 1411 966 1438 et
977 1407 1101 1437 exhibet
1115 1407 1241 1437 delicias
1254 1406 1320 1436 sine
1335 1416 1407 1436 nece
1417 1409 1447 1437 et
1461 1415 1579 1437 cruore.
1600 1405 1690 1436 Ferae

234 1447 353 1477 leniunt
369 1448 487 1485 famem
503 1449 645 1478 carnibus
660 1459 670 1484 ,·
692 1459 786 1488 neque
802 1453 904 1480 tamen
919 1459 1030 1480 omnes·
1077 1450 1219 1489 Namque
1235 1449 1302 1489 equi
1317 1451 1348 1479 et
1362 1458 1474 1487 greges
1494 1451 1525 1478 et
1549 1451 1692 1478 armenta

234 1493 394 1519 vescuntur
409 1490 519 1521 herbis.
563 1494 607 1521 At
622 1492 721 1529 tigres
734 1492 902 1529 Armeniae,
919 1496 948 1523 et
965 1492 1131 1523 truculenti
1146 1493 1253 1530 leones,
1267 1495 1297 1521 et
1312 1491 1378 1521 ursi
1393 1500 1461 1522 cum
1475 1490 1568 1530 lupis,
1583 1489 1692 1530 quibus

234 1532 349 1562 indoles
362 1536 408 1562 est
423 1533 556 1564 crzeu'elis
571 1537 599 1563 et
615 1543 708 1573 sceva,
723 1538 826 1565 amant
843 1536 948 1575 epulas
962 1545 1029 1566 cum
1047 1534 1207 1574 sanguine.
1252 1534 1327 1565 Heu
1337 1533 1352 1565 ,Ι
1370 1537 1521 1574 quantum
1535 1536 1579 1564 est
1605 1531 1692 1570 nefas

843 1619 919 1630 ‘eu

1056 1619 1075 1630 ,-

233 1670 338 1710 opibus
355 1673 426 1701 tem.
449 1670 544 1700 Unus
561 1670 650 1701 Mor.
666 1674 740 1701 tem.
761 1670 999 1710 profanis—78
1023 1671 1179 1703 Quatuor
1200 1681 1275 1702 cum
1302 1671 1453 1702 Beroiin.
1469 1669 1691 1711 mitesc.flam-

234 1713 314 1748 mis:
338 1718 373 1743 et
390 1713 434 1744 Ο.
460 1716 596 1743 ventrem
612 1724 622 1744 .·
648 1713 751 1744 Liber
780 1714 915 1745 Caelest.
939 1719 974 1744 et
999 1714 1146 1745 Briantii
1164 1724 1239 1744 cum
1258 1724 1323 1744 uno
1341 1713 1471 1745 Ciofan.
1487 1713 1607 1744 mites-c.
1620 1722 1691 1753 pos-

232 1759 326 1786 sunt:
348 1760 384 1785 et
400 1765 470 1795 seq.
489 1765 536 1785 vs.
563 1756 607 1786 Et
624 1756 742 1786 mollire
751 1756 882 1795 famem,
896 1766 950 1786 nec
965 1756 1031 1787 vob.
1044 1767 1052 1787 :
1067 1757 1133 1787 duo
1150 1757 1271 1796 scripti
1289 1757 1440 1787 Emollire
1455 1755 1596 1795 samem.-
1620 1755 1692 1785 Ge-

233 1807 370 1829 nevens.
396 1798 439 1828 Et
454 1799 560 1828 laxare
586 1802 718 1838 queant,·
745 1799 906 1830 Heidelb.
923 1799 1024 1829 etiam
1039 1802 1252 1838 queunt.—-80
1276 1799 1398 1830 Florem
1416 1797 1546 1839 profert
1571 1797 1690 1829 Heius.

234 1849 276 1869 ex
295 1850 346 1880 pr.
366 1841 404 1870 R.
422 1841 554 1871 Titium.
570 1840 740 1881 Bernegg.
768 1846 803 1872 et
827 1841 945 1871 decem
973 1841 1069 1878 aliis;
1092 1841 1372 1880 vulg.flore.-—Sl
1388 1840 1541 1872 Berolin.
1565 1841 1693 1871 alimen-

233 1887 297 1922 tuq.
320 1883 419 1913 dulcia
444 1883 595 1913 talk—82
619 1882 704 1922 Arg.
730 1883 790 1913 sin.
818 1892 909 1913 carne
924 1886 966 1912 et.
1012 1883 1146 1912 Deinde
1170 1893 1231 1921 pro
1259 1883 1388 1922 praebet‚
1417 1883 1554 1924 quidam
1577 1883 1690 1921 tradit,

233 1930 268 1954 et
300 1934 384 1954 unus
412 1927 613 1955 tradet.-—83
638 1925 696 1954 Pr.
715 1925 804 1956 Mor.
822 1924 887 1962 fer.
913 1925 1018 1954 sedent
1035 1924 1182 1963 Jej.-34
1208 1925 1295 1956 Mor.
1312 1934 1396 1955 unus
1423 1935 1524 1964 gram.
1547 1927 1690 1964 pascunt.

234 1969 318 1996 ——86
340 1967 554 2006 Armeniceque
580 1976 620 1996 ex
649 1971 794 2007 quatuor
827 1966 935 1997 Codd.
971 1976 1047 1997 cum
1079 1967 1226 1998 Norico:
1252 1967 1342 2008 vulg.
1371 1965 1409 1997 τὸ
1430 1977 1485 2007 que
1513 1967 1688 1998 omittunt.

886 2079 1031 2111 NOTAE

236 2158 312 2185 tur:
337 2162 455 2184 verum
485 2153 556 2194 quis
579 2153 667 2184 ausit
697 2163 738 2184 ea
767 2153 929 2194 mysteria

234 2205 268 2234 in
294 2204 467 2234 helluones
486 2204 700 2244 pervulgare,
714 2205 830 2244 quales
853 2208 931 2235 sunt

233 2256 333 2287 hodie
350 2256 657 2297 plurimi,quinibil
671 2266 746 2287 esse
762 2256 823 2286 nisi
839 2256 928 2297 quod

235 2306 347 2346 gulam
374 2306 492 2337 titillat
517 2306 690 2337 brutorum
714 2317 806 2337 more
833 2312 928 2338 autu-

232 2358 348 2389 mant?
400 2358 513 2389 Bonos
540 2368 655 2389 omncs
678 2359 849 2390 recordari
874 2361 931 2391 ad-

233 2408 361 2447 hortor,
384 2407 535 2447 sesejam
554 2408 696 2447 pristina
720 2409 800 2439 sede
827 2415 930 2450 atque

231 2458 425 2490 beatissima
447 2459 618 2490 mansione
641 2460 771 2499 exules,
786 2461 930 2501 plurima

234 2509 268 2539 in
283 2509 347 2539 hoc
367 2509 468 2539 exilio
496 2510 720 2549 contraxisse,
738 2521 811 2551 quae
829 2522 931 2543 exua-

234 2569 306 2590 mus
332 2559 492 2600 denique,
524 2565 701 2601 postquam
738 2561 780 2592 de
810 2562 931 2593 arbore

233 2609 315 2640 vitae
347 2609 569 2650 redintegrati
600 2610 688 2650 apud
717 2612 845 2642 coclites
875 2612 931 2642 de-

234 2661 493 2700 gustaverimus,
560 2660 754 2701 Utcumque
806 2662 930 2692 nullam

233 2715 371 2749 sperent
396 2720 504 2749 neque
520 2710 685 2750 cogitent,
703 2710 758 2751 qui
780 2711 812 2741 in
830 2722 931 2742 carne

234 2764 336 2799 atque
363 2761 526 2800 sanguine
553 2765 631 2791 suut
654 2760 813 2798 immersi,
830 2762 931 2791 vitam

235 2816 347 2842 tamen
363 2810 524 2842 habemus
540 2811 819 2853 pretiosissimum
835 2816 932 2843 extra

983 2154 1042 2185 lias
1059 2154 1254 2195 spurcitias,
1267 2163 1332 2195 qua
1348 2152 1444 2185 brevi
1461 2152 1686 2194 perfruemur.

1025 2208 1065 2236 75
1093 2205 1269 2245 Temerare]
1295 2205 1335 2236 Id
1348 2214 1414 2235 non
1427 2214 1499 2235 esse
1510 2205 1688 2244 Scriptura

983 2256 1128 2296 probat:
1174 2256 1320 2296 Deoque
1354 2254 1458 2286 fuerit
1488 2264 1687 2286 concessum

983 2306 1085 2347 lapsis
1107 2306 1296 2337 hominibus
1314 2305 1469 2346 quaedam
1495 2305 1686 2345 indulgere,
1704 2333 1708 2336 .

985 2368 1059 2399 quae
1072 2358 1165 2388 nulla
1182 2362 1279 2388 erant
1293 2357 1326 2388 in
1340 2357 1445 2397 priori
1458 2361 1564 2396 statu,
1577 2356 1685 2387 donec

985 2418 1026 2439 ea
1063 2408 1165 2439 etium
1204 2408 1339 2439 vanitas
1379 2407 1516 2448 penitus
1550 2406 1687 2437 abolea-

985 2465 1051 2491 tur.

1029 2513 1070 2541 86
1092 2510 1264 2550 Armenice]
1294 2509 1498 2540 Saevissimae
1525 2509 1686 2540 dicuntur

987 2572 1063 2603 quae
1077 2561 1108 2592 in
1122 2561 1188 2591 iilis
1201 2560 1397 2600 regionibus
1407 2564 1606 2591 nascuntur.
1624 2559 1687 2591 Est

987 2617 1100 2643 autem
1117 2610 1277 2641 Armenia
1296 2609 1388 2640 Asiae
1406 2610 1580 2649 perampla
1591 2609 1686 2649 regio

987 2662 1028 2692 ad
1046 2671 1137 2692 mare
1155 2660 1327 2700 Caspium,
1353 2669 1428 2700 quae
1452 2659 1552 2690 hodie
1566 2659 1686 2691 'furcis

986 2715 1085 2753 paret
1100 2721 1106 2740 :
1124 2711 1202 2741 oiim
1219 2710 1280 2740 sub
1298 2709 1434 2751 regibus
1450 2709 1597 2751 propriis
1610 2713 1685 2742 erat

985 2762 1097 2803 magni
1116 2761 1268 2793 nominis.
