<?xml version="1.0" encoding="UTF-8"?>
<!DOCTYPE html PUBLIC "-//W3C//DTD XHTML 1.0 Transitional//EN"
    "http://www.w3.org/TR/xhtml1/DTD/xhtml1-transitional.dtd">
<html xmlns="http://www.w3.org/1999/xhtml" xml:lang="en" lang="en">
 <head>
  <title>
</title>
<meta http-equiv="Content-Type" content="text/html;charset=utf-8" />
  <meta name='ocr-system' content='tesseract 3.04.00' />
  <meta name='ocr-capabilities' content='ocr_page ocr_carea ocr_par ocr_line ocrx_word'/>
</head>
<body>
  <div class='ocr_page' id='page_1' title='image "./operaomniaexedit04oviduoft_0585.png"; bbox 0 0 1773 3121; ppageno 0'>
   <div class='ocr_carea' id='block_1_1' title="bbox 545 235 1526 282">
    <p class='ocr_par' dir='ltr' id='par_1_1' title="bbox 545 235 1526 282">
     <span class='ocr_line' id='line_1_1' title="bbox 545 235 1526 282; baseline 0.003 -8"><span class='ocrx_word' id='word_1_1' title='bbox 545 243 789 276; x_wconf 72' lang='lat' dir='ltr'><strong>ansrmm</strong></span> <span class='ocrx_word' id='word_1_2' title='bbox 823 244 918 275; x_wconf 78' lang='lat' dir='ltr'><strong>mn.</strong></span> <span class='ocrx_word' id='word_1_3' title='bbox 952 245 983 276; x_wconf 90' lang='lat'><strong>1.</strong></span> <span class='ocrx_word' id='word_1_4' title='bbox 1015 235 1058 276; x_wconf 93' lang='grc'><strong>1.</strong></span> <span class='ocrx_word' id='word_1_5' title='bbox 1412 237 1526 282; x_wconf 75' lang='lat'><strong>2203</strong></span> 
     </span>
    </p>
   </div>
   <div class='ocr_carea' id='block_1_2' title="bbox 63 334 1269 994">
    <p class='ocr_par' dir='ltr' id='par_1_2' title="bbox 67 334 1072 456">
     <span class='ocr_line' id='line_1_2' title="bbox 67 334 1072 391; baseline 0.004 -14"><span class='ocrx_word' id='word_1_6' title='bbox 67 334 118 379; x_wconf 89' lang='lat' dir='ltr'><strong>Si</strong></span> <span class='ocrx_word' id='word_1_7' title='bbox 138 336 299 391; x_wconf 83' lang='lat' dir='ltr'><strong>poteris</strong></span> <span class='ocrx_word' id='word_1_8' title='bbox 320 349 466 378; x_wconf 86' lang='lat' dir='ltr'><strong>vacuo</strong></span> <span class='ocrx_word' id='word_1_9' title='bbox 486 337 602 378; x_wconf 86' lang='lat' dir='ltr'><strong>tradi</strong></span> <span class='ocrx_word' id='word_1_10' title='bbox 621 352 631 387; x_wconf 76' lang='grc' dir='ltr'><strong>ς</strong></span> <span class='ocrx_word' id='word_1_11' title='bbox 666 339 702 378; x_wconf 86' lang='lat' dir='ltr'><strong>si</strong></span> <span class='ocrx_word' id='word_1_12' title='bbox 726 343 882 380; x_wconf 84' lang='lat' dir='ltr'><strong>cuncta</strong></span> <span class='ocrx_word' id='word_1_13' title='bbox 903 340 1072 381; x_wconf 89' lang='lat' dir='ltr'><strong>videbis</strong></span> 
     </span>
     <span class='ocr_line' id='line_1_3' title="bbox 126 403 922 456; baseline 0.003 -12"><span class='ocrx_word' id='word_1_14' title='bbox 126 403 285 454; x_wconf 85' lang='lat' dir='ltr'><strong>Mitia;</strong></span> <span class='ocrx_word' id='word_1_15' title='bbox 313 405 349 444; x_wconf 90' lang='lat' dir='ltr'><strong>si</strong></span> <span class='ocrx_word' id='word_1_16' title='bbox 371 405 485 444; x_wconf 90' lang='lat' dir='ltr'><strong>vires</strong></span> <span class='ocrx_word' id='word_1_17' title='bbox 508 403 684 456; x_wconf 79' lang='lat' dir='ltr'><strong>fregerit</strong></span> <span class='ocrx_word' id='word_1_18' title='bbox 706 405 769 445; x_wconf 88' lang='lat' dir='ltr'><strong>ira</strong></span> <span class='ocrx_word' id='word_1_19' title='bbox 791 419 922 456; x_wconf 83' lang='lat' dir='ltr'><strong>suas3</strong></span> 
     </span>
    </p>

    <p class='ocr_par' dir='ltr' id='par_1_3' title="bbox 67 470 1250 592">
     <span class='ocr_line' id='line_1_4' title="bbox 67 470 1250 525; baseline 0.003 -14"><span class='ocrx_word' id='word_1_20' title='bbox 67 470 117 511; x_wconf 94' lang='lat' dir='ltr'><strong>Si</strong></span> <span class='ocrx_word' id='word_1_21' title='bbox 138 471 238 525; x_wconf 89' lang='lat' dir='ltr'><strong>quis</strong></span> <span class='ocrx_word' id='word_1_22' title='bbox 258 472 353 521; x_wconf 86' lang='lat' dir='ltr'><strong>erit,</strong></span> <span class='ocrx_word' id='word_1_23' title='bbox 375 473 449 524; x_wconf 88' lang='lat' dir='ltr'><strong>qui</strong></span> <span class='ocrx_word' id='word_1_24' title='bbox 474 476 516 511; x_wconf 87' lang='lat' dir='ltr'><strong>te</strong></span> <span class='ocrx_word' id='word_1_25' title='bbox 536 470 802 512; x_wconf 74' lang='lat' dir='ltr'>dubitantem</span> <span class='ocrx_word' id='word_1_26' title='bbox 825 479 866 512; x_wconf 90' lang='lat' dir='ltr'><strong>et</strong></span> <span class='ocrx_word' id='word_1_27' title='bbox 887 473 1004 513; x_wconf 83' lang='lat' dir='ltr'><strong>adire</strong></span> <span class='ocrx_word' id='word_1_28' title='bbox 1027 473 1250 514; x_wconf 86' lang='lat' dir='ltr'><strong>timentem</strong></span> 
     </span>
     <span class='ocr_line' id='line_1_5' title="bbox 121 537 1189 592; baseline 0.003 -14"><span class='ocrx_word' id='word_1_29' title='bbox 121 537 305 588; x_wconf 86' lang='lat' dir='ltr'><strong>Tradat,</strong></span> <span class='ocrx_word' id='word_1_30' title='bbox 326 544 367 578; x_wconf 91' lang='lat' dir='ltr'><strong>et</strong></span> <span class='ocrx_word' id='word_1_31' title='bbox 387 544 484 579; x_wconf 83' lang='lat' dir='ltr'><strong>ante</strong></span> <span class='ocrx_word' id='word_1_32' title='bbox 504 542 650 578; x_wconf 89' lang='lat' dir='ltr'><strong>tamen</strong></span> <span class='ocrx_word' id='word_1_33' title='bbox 674 551 819 592; x_wconf 87' lang='lat' dir='ltr'><strong>pauca</strong></span> <span class='ocrx_word' id='word_1_34' title='bbox 840 540 1071 592; x_wconf 82' lang='lat' dir='ltr'><strong>loquatur3</strong></span> <span class='ocrx_word' id='word_1_35' title='bbox 1101 541 1189 581; x_wconf 83' lang='lat' dir='ltr'><strong>adi.</strong></span> 
     </span>
    </p>

    <p class='ocr_par' dir='ltr' id='par_1_4' title="bbox 66 603 1043 722">
     <span class='ocr_line' id='line_1_6' title="bbox 66 603 1028 659; baseline 0.001 -14"><span class='ocrx_word' id='word_1_36' title='bbox 66 603 188 646; x_wconf 87' lang='lat' dir='ltr'><strong>Luce</strong></span> <span class='ocrx_word' id='word_1_37' title='bbox 210 606 340 654; x_wconf 85' lang='lat' dir='ltr'><strong>bona,</strong></span> <span class='ocrx_word' id='word_1_38' title='bbox 361 606 627 658; x_wconf 87' lang='lat' dir='ltr'><strong>dominoque</strong></span> <span class='ocrx_word' id='word_1_39' title='bbox 646 610 723 646; x_wconf 91' lang='lat' dir='ltr'><strong>tuo</strong></span> <span class='ocrx_word' id='word_1_40' title='bbox 740 605 909 647; x_wconf 83' lang='lat' dir='ltr'><strong>felicior</strong></span> <span class='ocrx_word' id='word_1_41' title='bbox 931 607 1028 659; x_wconf 82' lang='lat' dir='ltr'><strong>ipse</strong></span> 
     </span>
     <span class='ocr_line' id='line_1_7' title="bbox 123 671 1043 722; baseline 0.001 -10"><span class='ocrx_word' id='word_1_42' title='bbox 123 671 364 713; x_wconf 90' lang='lat' dir='ltr'><strong>Pervenias</strong></span> <span class='ocrx_word' id='word_1_43' title='bbox 385 672 514 722; x_wconf 81' lang='lat' dir='ltr'><strong>illuc3</strong></span> <span class='ocrx_word' id='word_1_44' title='bbox 545 677 590 712; x_wconf 83' lang='lat' dir='ltr'><strong>et</strong></span> <span class='ocrx_word' id='word_1_45' title='bbox 610 673 727 713; x_wconf 84' lang='lat' dir='ltr'><strong>mala</strong></span> <span class='ocrx_word' id='word_1_46' title='bbox 748 678 893 713; x_wconf 84' lang='lat' dir='ltr'><strong>nostra</strong></span> <span class='ocrx_word' id='word_1_47' title='bbox 911 674 1043 714; x_wconf 86' lang='lat' dir='ltr'><strong>leves.</strong></span> 
     </span>
    </p>

    <p class='ocr_par' dir='ltr' id='par_1_5' title="bbox 65 736 1269 858">
     <span class='ocr_line' id='line_1_8' title="bbox 65 736 1269 792; baseline 0.003 -14"><span class='ocrx_word' id='word_1_48' title='bbox 65 736 272 792; x_wconf 84' lang='lat' dir='ltr'><strong>Namque</strong></span> <span class='ocrx_word' id='word_1_49' title='bbox 294 752 349 779; x_wconf 86' lang='lat' dir='ltr'><strong>ea</strong></span> <span class='ocrx_word' id='word_1_50' title='bbox 372 739 439 779; x_wconf 89' lang='lat' dir='ltr'><strong>vel</strong></span> <span class='ocrx_word' id='word_1_51' title='bbox 460 751 604 788; x_wconf 89' lang='lat' dir='ltr'><strong>nemo,</strong></span> <span class='ocrx_word' id='word_1_52' title='bbox 629 739 700 779; x_wconf 89' lang='lat' dir='ltr'><strong>vel</strong></span> <span class='ocrx_word' id='word_1_53' title='bbox 723 740 799 792; x_wconf 92' lang='lat' dir='ltr'><strong>qui</strong></span> <span class='ocrx_word' id='word_1_54' title='bbox 820 739 926 779; x_wconf 93' lang='lat' dir='ltr'><strong>mihi</strong></span> <span class='ocrx_word' id='word_1_55' title='bbox 951 741 1130 780; x_wconf 74' lang='lat' dir='ltr'><strong>wlnera</strong></span> <span class='ocrx_word' id='word_1_56' title='bbox 1149 739 1269 791; x_wconf 87' lang='lat' dir='ltr'><strong>fecit,</strong></span> 
     </span>
     <span class='ocr_line' id='line_1_9' title="bbox 123 804 972 858; baseline 0.001 -12"><span class='ocrx_word' id='word_1_57' title='bbox 123 804 256 846; x_wconf 89' lang='lat' dir='ltr'><strong>Solus</strong></span> <span class='ocrx_word' id='word_1_58' title='bbox 278 806 480 846; x_wconf 89' lang='lat' dir='ltr'><strong>Achilleo</strong></span> <span class='ocrx_word' id='word_1_59' title='bbox 502 807 648 847; x_wconf 86' lang='lat' dir='ltr'><strong>tollere</strong></span> <span class='ocrx_word' id='word_1_60' title='bbox 668 819 786 846; x_wconf 88' lang='lat' dir='ltr'><strong>more</strong></span> <span class='ocrx_word' id='word_1_61' title='bbox 815 811 972 858; x_wconf 84' lang='lat' dir='ltr'><strong>potest.</strong></span> 
     </span>
    </p>

    <p class='ocr_par' dir='ltr' id='par_1_6' title="bbox 63 870 1191 994">
     <span class='ocr_line' id='line_1_10' title="bbox 63 870 1191 927; baseline 0.003 -15"><span class='ocrx_word' id='word_1_62' title='bbox 63 870 256 913; x_wconf 86' lang='lat' dir='ltr'><strong>Tantum</strong></span> <span class='ocrx_word' id='word_1_63' title='bbox 275 886 329 914; x_wconf 89' lang='lat' dir='ltr'><strong>ne</strong></span> <span class='ocrx_word' id='word_1_64' title='bbox 351 887 528 922; x_wconf 85' lang='lat' dir='ltr'><strong>noceas,</strong></span> <span class='ocrx_word' id='word_1_65' title='bbox 551 873 653 913; x_wconf 90' lang='lat' dir='ltr'><strong>dum</strong></span> <span class='ocrx_word' id='word_1_66' title='bbox 676 874 744 914; x_wconf 90' lang='lat' dir='ltr'><strong>vis</strong></span> <span class='ocrx_word' id='word_1_67' title='bbox 767 875 996 927; x_wconf 82' lang='lat' dir='ltr'><strong>prodesse,</strong></span> <span class='ocrx_word' id='word_1_68' title='bbox 1019 874 1191 915; x_wconf 85' lang='lat' dir='ltr'><strong>videto:</strong></span> 
     </span>
     <span class='ocr_line' id='line_1_11' title="bbox 122 939 1128 994; baseline 0.001 -13"><span class='ocrx_word' id='word_1_69' title='bbox 122 939 239 981; x_wconf 91' lang='lat' dir='ltr'><strong>Nam</strong></span> <span class='ocrx_word' id='word_1_70' title='bbox 261 954 365 994; x_wconf 86' lang='lat' dir='ltr'><strong>spes</strong></span> <span class='ocrx_word' id='word_1_71' title='bbox 387 947 454 982; x_wconf 83' lang='lat' dir='ltr'><strong>est</strong></span> <span class='ocrx_word' id='word_1_72' title='bbox 473 942 606 981; x_wconf 84' lang='lat' dir='ltr'><strong>animi</strong></span> <span class='ocrx_word' id='word_1_73' title='bbox 628 945 778 982; x_wconf 83' lang='lat' dir='ltr'><strong>nostra</strong></span> <span class='ocrx_word' id='word_1_74' title='bbox 799 942 952 982; x_wconf 85' lang='lat' dir='ltr'><strong>timore</strong></span> <span class='ocrx_word' id='word_1_75' title='bbox 973 941 1128 982; x_wconf 89' lang='lat' dir='ltr'><strong>minor.</strong></span> 
     </span>
    </p>
   </div>
   <div class='ocr_carea' id='block_1_3' title="bbox 1444 808 1527 849">
    <p class='ocr_par' dir='ltr' id='par_1_7' title="bbox 1444 808 1527 849">
     <span class='ocr_line' id='line_1_12' title="bbox 1444 808 1527 849; baseline 0 -1"><span class='ocrx_word' id='word_1_76' title='bbox 1444 808 1527 849; x_wconf 90' lang='grc'><strong>100</strong></span> 
     </span>
    </p>
   </div>
   <div class='ocr_carea' id='block_1_4' title="bbox 63 1059 1530 1272">
    <p class='ocr_par' dir='ltr' id='par_1_8' title="bbox 63 1059 1530 1272">
     <span class='ocr_line' id='line_1_13' title="bbox 64 1059 1528 1103; baseline 0.001 -13"><span class='ocrx_word' id='word_1_77' title='bbox 64 1059 184 1096; x_wconf 57' lang='lat' dir='ltr'><strong>atinam</strong></span> <span class='ocrx_word' id='word_1_78' title='bbox 205 1060 233 1090; x_wconf 78' lang='grc' dir='ltr'><strong>εἰ</strong></span> <span class='ocrx_word' id='word_1_79' title='bbox 247 1060 378 1100; x_wconf 73' lang='lat' dir='ltr'><strong>aspicies</strong></span> <span class='ocrx_word' id='word_1_80' title='bbox 404 1061 506 1092; x_wconf 79' lang='lat' dir='ltr'><strong>onmia</strong></span> <span class='ocrx_word' id='word_1_81' title='bbox 529 1062 633 1098; x_wconf 60' lang='lat' dir='ltr'><strong>lenum</strong></span> <span class='ocrx_word' id='word_1_82' title='bbox 654 1063 682 1093; x_wconf 81' lang='lat' dir='ltr'><strong>si</strong></span> <span class='ocrx_word' id='word_1_83' title='bbox 706 1063 754 1094; x_wconf 82' lang='lat' dir='ltr'><strong>ira</strong></span> <span class='ocrx_word' id='word_1_84' title='bbox 777 1063 924 1094; x_wconf 79' lang='lat' dir='ltr'><strong>minuerit</strong></span> <span class='ocrx_word' id='word_1_85' title='bbox 940 1064 1021 1094; x_wconf 80' lang='lat' dir='ltr'><strong>vires</strong></span> <span class='ocrx_word' id='word_1_86' title='bbox 1044 1072 1136 1099; x_wconf 50' lang='lat' dir='ltr'><strong>sunu</strong></span> <span class='ocrx_word' id='word_1_87' title='bbox 1159 1063 1187 1093; x_wconf 79' lang='lat' dir='ltr'><strong>si</strong></span> <span class='ocrx_word' id='word_1_88' title='bbox 1203 1062 1270 1102; x_wconf 76' lang='lat' dir='ltr'><strong>quis</strong></span> <span class='ocrx_word' id='word_1_89' title='bbox 1284 1062 1346 1093; x_wconf 72' lang='lat' dir='ltr'><strong>erit</strong></span> <span class='ocrx_word' id='word_1_90' title='bbox 1361 1063 1413 1103; x_wconf 81' lang='lat' dir='ltr'><strong>qui</strong></span> <span class='ocrx_word' id='word_1_91' title='bbox 1429 1062 1528 1094; x_wconf 67' lang='lat' dir='ltr'><strong>intro-</strong></span> 
     </span>
     <span class='ocr_line' id='line_1_14' title="bbox 63 1102 1528 1145; baseline 0.003 -13"><span class='ocrx_word' id='word_1_92' title='bbox 63 1103 157 1133; x_wconf 74' lang='lat' dir='ltr'><strong>ducat</strong></span> <span class='ocrx_word' id='word_1_93' title='bbox 177 1105 208 1133; x_wconf 71' lang='lat' dir='ltr'><strong>te</strong></span> <span class='ocrx_word' id='word_1_94' title='bbox 232 1102 439 1142; x_wconf 54' lang='lat' dir='ltr'><strong>mutantem,</strong></span> <span class='ocrx_word' id='word_1_95' title='bbox 463 1107 492 1134; x_wconf 81' lang='lat' dir='ltr'><strong>et</strong></span> <span class='ocrx_word' id='word_1_96' title='bbox 519 1109 674 1136; x_wconf 74' lang='lat' dir='ltr'><strong>terentem</strong></span> <span class='ocrx_word' id='word_1_97' title='bbox 698 1107 852 1143; x_wconf 78' lang='lat' dir='ltr'><strong>accedere,</strong></span> <span class='ocrx_word' id='word_1_98' title='bbox 879 1109 909 1136; x_wconf 79' lang='lat' dir='ltr'><strong>et</strong></span> <span class='ocrx_word' id='word_1_99' title='bbox 937 1110 1041 1136; x_wconf 77' lang='lat' dir='ltr'><strong>lumen</strong></span> <span class='ocrx_word' id='word_1_100' title='bbox 1062 1109 1134 1136; x_wconf 76' lang='lat' dir='ltr'><strong>unte</strong></span> <span class='ocrx_word' id='word_1_101' title='bbox 1155 1116 1253 1145; x_wconf 82' lang='lat' dir='ltr'><strong>pauca</strong></span> <span class='ocrx_word' id='word_1_102' title='bbox 1270 1106 1376 1140; x_wconf 79' lang='lat' dir='ltr'><strong>dicat‚·</strong></span> <span class='ocrx_word' id='word_1_103' title='bbox 1409 1106 1528 1136; x_wconf 80' lang='lat' dir='ltr'><strong>accede.</strong></span> 
     </span>
     <span class='ocr_line' id='line_1_15' title="bbox 65 1144 1526 1186; baseline 0.001 -10"><span class='ocrx_word' id='word_1_104' title='bbox 65 1144 186 1176; x_wconf 74' lang='lat' dir='ltr'><strong>Fausta</strong></span> <span class='ocrx_word' id='word_1_105' title='bbox 206 1145 270 1181; x_wconf 76' lang='lat' dir='ltr'><strong>die,</strong></span> <span class='ocrx_word' id='word_1_106' title='bbox 298 1149 326 1176; x_wconf 72' lang='lat' dir='ltr'><strong>et</strong></span> <span class='ocrx_word' id='word_1_107' title='bbox 354 1147 418 1186; x_wconf 81' lang='lat' dir='ltr'><strong>ipse</strong></span> <span class='ocrx_word' id='word_1_108' title='bbox 444 1145 562 1177; x_wconf 72' lang='lat' dir='ltr'><strong>beatior</strong></span> <span class='ocrx_word' id='word_1_109' title='bbox 587 1151 639 1178; x_wconf 80' lang='lat' dir='ltr'><strong>tuo</strong></span> <span class='ocrx_word' id='word_1_110' title='bbox 654 1149 790 1186; x_wconf 66' lang='lat' dir='ltr'><strong>donnum,</strong></span> <span class='ocrx_word' id='word_1_111' title='bbox 806 1150 878 1178; x_wconf 81' lang='lat' dir='ltr'><strong>illuc</strong></span> <span class='ocrx_word' id='word_1_112' title='bbox 894 1150 1031 1184; x_wconf 82' lang='lat' dir='ltr'><strong>accedas,</strong></span> <span class='ocrx_word' id='word_1_113' title='bbox 1046 1151 1076 1178; x_wconf 84' lang='lat' dir='ltr'><strong>et</strong></span> <span class='ocrx_word' id='word_1_114' title='bbox 1092 1148 1212 1178; x_wconf 76' lang='lat' dir='ltr'><strong>minuas</strong></span> <span class='ocrx_word' id='word_1_115' title='bbox 1227 1151 1348 1178; x_wconf 66' lang='lat' dir='ltr'><strong>nostras</strong></span> <span class='ocrx_word' id='word_1_116' title='bbox 1362 1157 1526 1178; x_wconf 79' lang='lat' dir='ltr'><strong>oerumnas.</strong></span> 
     </span>
     <span class='ocr_line' id='line_1_16' title="bbox 66 1187 1528 1230; baseline 0.002 -13"><span class='ocrx_word' id='word_1_117' title='bbox 66 1187 208 1227; x_wconf 74' lang='lat' dir='ltr'><strong>Namque</strong></span> <span class='ocrx_word' id='word_1_118' title='bbox 223 1188 270 1218; x_wconf 76' lang='lat' dir='ltr'><strong>vel</strong></span> <span class='ocrx_word' id='word_1_119' title='bbox 289 1189 404 1225; x_wconf 77' lang='lat' dir='ltr'><strong>nultus,</strong></span> <span class='ocrx_word' id='word_1_120' title='bbox 431 1189 480 1219; x_wconf 76' lang='lat' dir='ltr'><strong>rel</strong></span> <span class='ocrx_word' id='word_1_121' title='bbox 505 1190 557 1229; x_wconf 82' lang='lat' dir='ltr'><strong>qui</strong></span> <span class='ocrx_word' id='word_1_122' title='bbox 584 1191 662 1220; x_wconf 73' lang='lat' dir='ltr'><strong>mihi</strong></span> <span class='ocrx_word' id='word_1_123' title='bbox 689 1191 817 1230; x_wconf 70' lang='lat' dir='ltr'><strong>impegit</strong></span> <span class='ocrx_word' id='word_1_124' title='bbox 828 1193 955 1230; x_wconf 74' lang='lat' dir='ltr'><strong>plagam</strong></span> <span class='ocrx_word' id='word_1_125' title='bbox 979 1194 1083 1229; x_wconf 76' lang='lat' dir='ltr'><strong>potest</strong></span> <span class='ocrx_word' id='word_1_126' title='bbox 1102 1191 1315 1228; x_wconf 77' lang='lat' dir='ltr'><strong>conglutinare</strong></span> <span class='ocrx_word' id='word_1_127' title='bbox 1339 1200 1419 1227; x_wconf 82' lang='lat' dir='ltr'><strong>eam,</strong></span> <span class='ocrx_word' id='word_1_128' title='bbox 1442 1199 1528 1220; x_wconf 78' lang='lat' dir='ltr'><strong>more</strong></span> 
     </span>
     <span class='ocr_line' id='line_1_17' title="bbox 63 1229 1530 1272; baseline 0.001 -11"><span class='ocrx_word' id='word_1_129' title='bbox 63 1229 214 1261; x_wconf 70' lang='lat' dir='ltr'><strong>Achilleo.</strong></span> <span class='ocrx_word' id='word_1_130' title='bbox 260 1230 412 1271; x_wconf 79' lang='lat' dir='ltr'><strong>Prospice</strong></span> <span class='ocrx_word' id='word_1_131' title='bbox 425 1234 548 1261; x_wconf 76' lang='lat' dir='ltr'><strong>tuntum</strong></span> <span class='ocrx_word' id='word_1_132' title='bbox 565 1242 601 1262; x_wconf 89' lang='lat' dir='ltr'><strong>ne</strong></span> <span class='ocrx_word' id='word_1_133' title='bbox 617 1233 745 1272; x_wconf 69' lang='lat' dir='ltr'><strong>officina,</strong></span> <span class='ocrx_word' id='word_1_134' title='bbox 760 1235 833 1262; x_wconf 79' lang='lat' dir='ltr'><strong>dum</strong></span> <span class='ocrx_word' id='word_1_135' title='bbox 850 1233 896 1262; x_wconf 79' lang='lat' dir='ltr'><strong>tis</strong></span> <span class='ocrx_word' id='word_1_136' title='bbox 905 1233 1018 1268; x_wconf 78' lang='lat' dir='ltr'><strong>jurare</strong></span> <span class='ocrx_word' id='word_1_137' title='bbox 1032 1243 1044 1267; x_wconf 89' lang='grc'><em>;</em></span> <span class='ocrx_word' id='word_1_138' title='bbox 1066 1242 1137 1261; x_wconf 76' lang='lat' dir='ltr'><strong>nam</strong></span> <span class='ocrx_word' id='word_1_139' title='bbox 1157 1241 1226 1271; x_wconf 78' lang='lat' dir='ltr'><strong>spes</strong></span> <span class='ocrx_word' id='word_1_140' title='bbox 1242 1235 1348 1262; x_wconf 79' lang='lat' dir='ltr'><strong>nostra</strong></span> <span class='ocrx_word' id='word_1_141' title='bbox 1366 1235 1412 1262; x_wconf 75' lang='lat' dir='ltr'><strong>est</strong></span> <span class='ocrx_word' id='word_1_142' title='bbox 1428 1232 1530 1262; x_wconf 78' lang='lat' dir='ltr'><strong>minor</strong></span> 
     </span>
    </p>
   </div>
   <div class='ocr_carea' id='block_1_5' title="bbox 898 1316 916 1326">
    <p class='ocr_par' dir='ltr' id='par_1_9' title="bbox 898 1316 916 1326">
     <span class='ocr_line' id='line_1_18' title="bbox 898 1316 916 1326; baseline 0 0"><span class='ocrx_word' id='word_1_143' title='bbox 898 1316 916 1326; x_wconf 66' lang='lat' dir='ltr'><em>o</em></span> 
     </span>
    </p>
   </div>
   <div class='ocr_carea' id='block_1_6' title="bbox 684 1317 896 1328">
    <p class='ocr_par' dir='ltr' id='par_1_10' title="bbox 684 1317 896 1328">
     <span class='ocr_line' id='line_1_19' title="bbox 684 1317 896 1328; baseline 0 1793"><span class='ocrx_word' id='word_1_144' title='bbox 684 1317 896 1328; x_wconf 95' lang='lat' dir='ltr'><strong> </strong></span> 
     </span>
    </p>
   </div>
   <div class='ocr_carea' id='block_1_7' title="bbox 62 1367 1531 1665">
    <p class='ocr_par' dir='ltr' id='par_1_11' title="bbox 62 1367 1531 1665">
     <span class='ocr_line' id='line_1_20' title="bbox 63 1367 1530 1409; baseline -0.001 -7"><span class='ocrx_word' id='word_1_145' title='bbox 63 1370 114 1402; x_wconf 68' lang='lat' dir='ltr'><strong>hic</strong></span> <span class='ocrx_word' id='word_1_146' title='bbox 127 1379 158 1401; x_wconf 78' lang='grc' dir='ltr'><strong>ιι.</strong></span> <span class='ocrx_word' id='word_1_147' title='bbox 173 1378 214 1400; x_wconf 78' lang='lat' dir='ltr'><strong>an</strong></span> <span class='ocrx_word' id='word_1_148' title='bbox 229 1370 280 1399; x_wconf 76' lang='lat' dir='ltr'><strong>ala</strong></span> <span class='ocrx_word' id='word_1_149' title='bbox 292 1369 336 1399; x_wconf 92' lang='lat' dir='ltr'><strong>D.</strong></span> <span class='ocrx_word' id='word_1_150' title='bbox 361 1368 429 1399; x_wconf 82' lang='lat' dir='ltr'><strong>Sed</strong></span> <span class='ocrx_word' id='word_1_151' title='bbox 447 1367 584 1400; x_wconf 86' lang='lat' dir='ltr'><strong>dubitat</strong></span> <span class='ocrx_word' id='word_1_152' title='bbox 609 1369 725 1399; x_wconf 88' lang='lat' dir='ltr'><strong>Burm.</strong></span> <span class='ocrx_word' id='word_1_153' title='bbox 748 1378 788 1399; x_wconf 91' lang='lat' dir='ltr'><strong>an</strong></span> <span class='ocrx_word' id='word_1_154' title='bbox 806 1370 814 1385; x_wconf 94' lang='lat'>‘</span> <span class='ocrx_word' id='word_1_155' title='bbox 833 1368 898 1398; x_wconf 82' lang='lat' dir='ltr'><strong>ala&#39;</strong></span> <span class='ocrx_word' id='word_1_156' title='bbox 921 1367 1124 1408; x_wconf 85' lang='lat' dir='ltr'><strong>simpliciter</strong></span> <span class='ocrx_word' id='word_1_157' title='bbox 1148 1377 1210 1409; x_wconf 88' lang='lat' dir='ltr'><strong>pro</strong></span> <span class='ocrx_word' id='word_1_158' title='bbox 1226 1368 1302 1399; x_wconf 82' lang='lat' dir='ltr'><strong>velo</strong></span> <span class='ocrx_word' id='word_1_159' title='bbox 1319 1368 1386 1399; x_wconf 90' lang='lat' dir='ltr'><strong>dici</strong></span> <span class='ocrx_word' id='word_1_160' title='bbox 1403 1373 1530 1408; x_wconf 83' lang='lat' dir='ltr'><strong>posset,</strong></span> 
     </span>
     <span class='ocr_line' id='line_1_21' title="bbox 64 1410 1529 1451; baseline -0.001 -7"><span class='ocrx_word' id='word_1_161' title='bbox 64 1422 140 1444; x_wconf 83' lang='lat' dir='ltr'><strong>cum</strong></span> <span class='ocrx_word' id='word_1_162' title='bbox 168 1419 304 1451; x_wconf 77' lang='lat' dir='ltr'><strong>semper</strong></span> <span class='ocrx_word' id='word_1_163' title='bbox 328 1411 458 1442; x_wconf 84' lang='lat' dir='ltr'>addant</span> <span class='ocrx_word' id='word_1_164' title='bbox 485 1411 603 1442; x_wconf 75' lang='lat' dir='ltr'><strong>Poetae</strong></span> <span class='ocrx_word' id='word_1_165' title='bbox 628 1412 636 1428; x_wconf 91' lang='lat'>‘</span> <span class='ocrx_word' id='word_1_166' title='bbox 655 1413 804 1442; x_wconf 83' lang='lat' dir='ltr'><strong>velorum</strong></span> <span class='ocrx_word' id='word_1_167' title='bbox 837 1412 906 1441; x_wconf 83' lang='lat' dir='ltr'><strong>alas</strong></span> <span class='ocrx_word' id='word_1_168' title='bbox 923 1410 943 1440; x_wconf 89' lang='lat'><strong>:&#39;</strong></span> <span class='ocrx_word' id='word_1_169' title='bbox 983 1416 1151 1451; x_wconf 82' lang='lat' dir='ltr'><strong>praeterea</strong></span> <span class='ocrx_word' id='word_1_170' title='bbox 1182 1411 1321 1450; x_wconf 81' lang='lat' dir='ltr'><strong>vulgata</strong></span> <span class='ocrx_word' id='word_1_171' title='bbox 1348 1411 1452 1442; x_wconf 84' lang='lat' dir='ltr'><strong>lectio</strong></span> <span class='ocrx_word' id='word_1_172' title='bbox 1478 1421 1529 1442; x_wconf 90' lang='lat' dir='ltr'><strong>sa-</strong></span> 
     </span>
     <span class='ocr_line' id='line_1_22' title="bbox 65 1453 1531 1495; baseline -0.001 -9"><span class='ocrx_word' id='word_1_173' title='bbox 65 1455 107 1486; x_wconf 81' lang='lat' dir='ltr'><strong>tis</strong></span> <span class='ocrx_word' id='word_1_174' title='bbox 136 1454 274 1494; x_wconf 80' lang='lat' dir='ltr'><strong>elegans</strong></span> <span class='ocrx_word' id='word_1_175' title='bbox 301 1453 331 1484; x_wconf 88' lang='lat' dir='ltr'><strong>ei</strong></span> <span class='ocrx_word' id='word_1_176' title='bbox 358 1453 590 1485; x_wconf 56' lang='lat' dir='ltr'><strong>iidemu—95</strong></span> <span class='ocrx_word' id='word_1_177' title='bbox 623 1455 705 1486; x_wconf 87' lang='lat' dir='ltr'><strong>Jun.</strong></span> <span class='ocrx_word' id='word_1_178' title='bbox 735 1454 832 1485; x_wconf 92' lang='lat' dir='ltr'><strong>Leid.</strong></span> <span class='ocrx_word' id='word_1_179' title='bbox 852 1454 913 1484; x_wconf 90' lang='lat' dir='ltr'><strong>Be.</strong></span> <span class='ocrx_word' id='word_1_180' title='bbox 934 1459 1080 1495; x_wconf 69' lang='lat' dir='ltr'><strong>quatuor</strong></span> <span class='ocrx_word' id='word_1_181' title='bbox 1097 1458 1131 1484; x_wconf 88' lang='lat' dir='ltr'><strong>et</strong></span> <span class='ocrx_word' id='word_1_182' title='bbox 1148 1454 1203 1484; x_wconf 89' lang='lat' dir='ltr'><strong>alii</strong></span> <span class='ocrx_word' id='word_1_183' title='bbox 1220 1454 1301 1484; x_wconf 84' lang='lat' dir='ltr'><strong>udir.</strong></span> <span class='ocrx_word' id='word_1_184' title='bbox 1326 1454 1531 1485; x_wconf 62' lang='lat' dir='ltr'><strong>telenum.—</strong></span> 
     </span>
     <span class='ocr_line' id='line_1_23' title="bbox 62 1496 1529 1538; baseline -0.001 -9"><span class='ocrx_word' id='word_1_185' title='bbox 62 1500 106 1529; x_wconf 80' lang='lat'><strong>96</strong></span> <span class='ocrx_word' id='word_1_186' title='bbox 129 1496 292 1528; x_wconf 79' lang='lat' dir='ltr'><strong>Francius</strong></span> <span class='ocrx_word' id='word_1_187' title='bbox 309 1505 370 1537; x_wconf 90' lang='lat' dir='ltr'><strong>pro</strong></span> <span class='ocrx_word' id='word_1_188' title='bbox 384 1499 414 1526; x_wconf 76' lang='lat' dir='ltr'><strong>et</strong></span> <span class='ocrx_word' id='word_1_189' title='bbox 430 1496 566 1527; x_wconf 86' lang='lat' dir='ltr'><strong>volebat</strong></span> <span class='ocrx_word' id='word_1_190' title='bbox 582 1501 638 1528; x_wconf 81' lang='lat' dir='ltr'><strong>ut:</strong></span> <span class='ocrx_word' id='word_1_191' title='bbox 663 1497 801 1538; x_wconf 88' lang='lat' dir='ltr'><strong>quidam</strong></span> <span class='ocrx_word' id='word_1_192' title='bbox 819 1497 935 1535; x_wconf 83' lang='lat' dir='ltr'><strong>legunt</strong></span> <span class='ocrx_word' id='word_1_193' title='bbox 951 1500 1004 1531; x_wconf 51' lang='lat' dir='ltr'><strong>ah·</strong></span> <span class='ocrx_word' id='word_1_194' title='bbox 1027 1501 1062 1527; x_wconf 87' lang='lat' dir='ltr'><strong>et</strong></span> <span class='ocrx_word' id='word_1_195' title='bbox 1078 1497 1195 1527; x_wconf 81' lang='lat' dir='ltr'><strong>locutus</strong></span> <span class='ocrx_word' id='word_1_196' title='bbox 1211 1505 1272 1536; x_wconf 90' lang='lat' dir='ltr'><strong>pro</strong></span> <span class='ocrx_word' id='word_1_197' title='bbox 1295 1497 1458 1535; x_wconf 77' lang='lat' dir='ltr'><strong>loquatur:</strong></span> <span class='ocrx_word' id='word_1_198' title='bbox 1481 1497 1529 1527; x_wconf 88' lang='lat' dir='ltr'><strong>D.</strong></span> 
     </span>
     <span class='ocr_line' id='line_1_24' title="bbox 64 1538 1530 1579; baseline -0.002 -7"><span class='ocrx_word' id='word_1_199' title='bbox 64 1539 185 1572; x_wconf 82' lang='lat' dir='ltr'><strong>Heius.</strong></span> <span class='ocrx_word' id='word_1_200' title='bbox 208 1539 241 1570; x_wconf 88' lang='lat' dir='ltr'><strong>in</strong></span> <span class='ocrx_word' id='word_1_201' title='bbox 258 1539 454 1579; x_wconf 80' lang='lat' dir='ltr'><strong>parenthesi</strong></span> <span class='ocrx_word' id='word_1_202' title='bbox 472 1540 652 1571; x_wconf 88' lang='lat' dir='ltr'><strong>constituit</strong></span> <span class='ocrx_word' id='word_1_203' title='bbox 669 1541 954 1571; x_wconf 72' lang='lat' dir='ltr'><strong>at...locutus.—9?</strong></span> <span class='ocrx_word' id='word_1_204' title='bbox 980 1539 1050 1579; x_wconf 83' lang='lat' dir='ltr'><strong>Ipse</strong></span> <span class='ocrx_word' id='word_1_205' title='bbox 1065 1540 1186 1575; x_wconf 87' lang='lat' dir='ltr'><strong>Servii,</strong></span> <span class='ocrx_word' id='word_1_206' title='bbox 1205 1539 1292 1569; x_wconf 85' lang='lat' dir='ltr'><strong>Mor.</strong></span> <span class='ocrx_word' id='word_1_207' title='bbox 1308 1544 1343 1568; x_wconf 87' lang='lat' dir='ltr'><strong>et</strong></span> <span class='ocrx_word' id='word_1_208' title='bbox 1362 1543 1431 1569; x_wconf 85' lang='lat' dir='ltr'><strong>tres</strong></span> <span class='ocrx_word' id='word_1_209' title='bbox 1448 1538 1503 1569; x_wconf 87' lang='lat' dir='ltr'><strong>alii</strong></span> <span class='ocrx_word' id='word_1_210' title='bbox 1520 1549 1530 1577; x_wconf 88' lang='lat'>;</span> 
     </span>
     <span class='ocr_line' id='line_1_25' title="bbox 64 1580 1531 1623; baseline -0.001 -9"><span class='ocrx_word' id='word_1_211' title='bbox 64 1582 160 1614; x_wconf 84' lang='lat' dir='ltr'><strong>multi</strong></span> <span class='ocrx_word' id='word_1_212' title='bbox 187 1581 292 1613; x_wconf 81' lang='lat' dir='ltr'><strong>etiam</strong></span> <span class='ocrx_word' id='word_1_213' title='bbox 316 1582 506 1621; x_wconf 63' lang='lat' dir='ltr'><strong>imm—100</strong></span> <span class='ocrx_word' id='word_1_214' title='bbox 529 1583 646 1614; x_wconf 88' lang='lat' dir='ltr'><strong>Comb.</strong></span> <span class='ocrx_word' id='word_1_215' title='bbox 671 1583 753 1614; x_wconf 91' lang='lat' dir='ltr'><strong>Cod.</strong></span> <span class='ocrx_word' id='word_1_216' title='bbox 778 1583 942 1623; x_wconf 76' lang='lat' dir='ltr'><strong>A.pellere</strong></span> <span class='ocrx_word' id='word_1_217' title='bbox 964 1585 1147 1613; x_wconf 60' lang='lat' dir='ltr'><strong>moun—101</strong></span> <span class='ocrx_word' id='word_1_218' title='bbox 1174 1581 1244 1612; x_wconf 92' lang='lat' dir='ltr'><strong>Pro</strong></span> <span class='ocrx_word' id='word_1_219' title='bbox 1257 1582 1360 1612; x_wconf 75' lang='lat' dir='ltr'><strong>videto</strong></span> <span class='ocrx_word' id='word_1_220' title='bbox 1372 1581 1438 1611; x_wconf 92' lang='lat' dir='ltr'><strong>duo</strong></span> <span class='ocrx_word' id='word_1_221' title='bbox 1455 1580 1531 1612; x_wconf 87' lang='lat' dir='ltr'><strong>libri</strong></span> 
     </span>
     <span class='ocr_line' id='line_1_26' title="bbox 63 1623 1531 1665; baseline -0.001 -9"><span class='ocrx_word' id='word_1_222' title='bbox 63 1628 192 1662; x_wconf 58' lang='lat' dir='ltr'><strong>cavelm-</strong></span> <span class='ocrx_word' id='word_1_223' title='bbox 227 1625 363 1665; x_wconf 85' lang='lat' dir='ltr'><strong>plurimi</strong></span> <span class='ocrx_word' id='word_1_224' title='bbox 389 1628 662 1657; x_wconf 58' lang='lat' dir='ltr'><strong>aucmenta—102</strong></span> <span class='ocrx_word' id='word_1_225' title='bbox 693 1626 827 1657; x_wconf 83' lang='lat' dir='ltr'><strong>Merula</strong></span> <span class='ocrx_word' id='word_1_226' title='bbox 853 1635 929 1656; x_wconf 90' lang='lat' dir='ltr'><strong>cum</strong></span> <span class='ocrx_word' id='word_1_227' title='bbox 946 1625 1115 1656; x_wconf 80' lang='lat' dir='ltr'><strong>nonnullis</strong></span> <span class='ocrx_word' id='word_1_228' title='bbox 1130 1629 1213 1655; x_wconf 83' lang='lat' dir='ltr'><strong>vett.</strong></span> <span class='ocrx_word' id='word_1_229' title='bbox 1232 1623 1368 1664; x_wconf 85' lang='lat' dir='ltr'><strong>legebat</strong></span> <span class='ocrx_word' id='word_1_230' title='bbox 1393 1632 1462 1664; x_wconf 74' lang='lat' dir='ltr'><strong>spes</strong></span> <span class='ocrx_word' id='word_1_231' title='bbox 1483 1626 1531 1655; x_wconf 71' lang='lat' dir='ltr'><strong>est</strong></span> 
     </span>
    </p>
   </div>
   <div class='ocr_carea' id='block_1_8' title="bbox 731 1720 870 1752">
    <p class='ocr_par' dir='ltr' id='par_1_12' title="bbox 731 1720 870 1752">
     <span class='ocr_line' id='line_1_27' title="bbox 731 1720 870 1752; baseline -0.007 0"><span class='ocrx_word' id='word_1_232' title='bbox 731 1720 870 1752; x_wconf 76' lang='lat' dir='ltr'>NOTAE</span> 
     </span>
    </p>
   </div>
   <div class='ocr_carea' id='block_1_9' title="bbox 825 1789 1531 1932">
    <p class='ocr_par' dir='ltr' id='par_1_13' title="bbox 825 1789 1531 1932">
     <span class='ocr_line' id='line_1_28' title="bbox 826 1789 1531 1831; baseline 0.003 -11"><span class='ocrx_word' id='word_1_233' title='bbox 826 1790 964 1821; x_wconf 84' lang='lat' dir='ltr'><strong>batione</strong></span> <span class='ocrx_word' id='word_1_234' title='bbox 982 1800 1067 1830; x_wconf 82' lang='lat' dir='ltr'><strong>opus</strong></span> <span class='ocrx_word' id='word_1_235' title='bbox 1091 1789 1193 1821; x_wconf 87' lang='lat' dir='ltr'><strong>babet</strong></span> <span class='ocrx_word' id='word_1_236' title='bbox 1210 1790 1299 1831; x_wconf 83' lang='lat' dir='ltr'><strong>quod</strong></span> <span class='ocrx_word' id='word_1_237' title='bbox 1316 1790 1413 1821; x_wconf 88' lang='lat' dir='ltr'><strong>dico:</strong></span> <span class='ocrx_word' id='word_1_238' title='bbox 1440 1794 1531 1822; x_wconf 77' lang='lat' dir='ltr'><strong>cete-</strong></span> 
     </span>
     <span class='ocr_line' id='line_1_29' title="bbox 825 1841 1245 1872; baseline 0 -1"><span class='ocrx_word' id='word_1_239' title='bbox 825 1850 879 1872; x_wconf 87' lang='lat' dir='ltr'><strong>ros</strong></span> <span class='ocrx_word' id='word_1_240' title='bbox 898 1841 1000 1872; x_wconf 90' lang='lat' dir='ltr'><strong>nolim</strong></span> <span class='ocrx_word' id='word_1_241' title='bbox 1019 1841 1245 1871; x_wconf 86' lang='lat' dir='ltr'><strong>admonuisse.</strong></span> 
     </span>
     <span class='ocr_line' id='line_1_30' title="bbox 867 1891 1530 1932; baseline 0.002 -10"><span class='ocrx_word' id='word_1_242' title='bbox 867 1894 909 1922; x_wconf 80' lang='lat'><strong>96</strong></span> <span class='ocrx_word' id='word_1_243' title='bbox 934 1892 1054 1932; x_wconf 80' lang='lat' dir='ltr'><strong>Pauca]</strong></span> <span class='ocrx_word' id='word_1_244' title='bbox 1088 1891 1127 1922; x_wconf 92' lang='lat' dir='ltr'><strong>Iu</strong></span> <span class='ocrx_word' id='word_1_245' title='bbox 1152 1897 1244 1922; x_wconf 84' lang='lat' dir='ltr'><strong>tuam</strong></span> <span class='ocrx_word' id='word_1_246' title='bbox 1272 1891 1430 1930; x_wconf 76' lang='lat' dir='ltr'><strong>gratiam,</strong></span> <span class='ocrx_word' id='word_1_247' title='bbox 1458 1891 1530 1923; x_wconf 89' lang='lat' dir='ltr'><strong>scil.</strong></span> 
     </span>
    </p>
   </div>
   <div class='ocr_carea' id='block_1_10' title="bbox 65 1790 772 1933">
    <p class='ocr_par' dir='ltr' id='par_1_14' title="bbox 65 1790 772 1933">
     <span class='ocr_line' id='line_1_31' title="bbox 65 1790 770 1833; baseline -0.003 -10"><span class='ocrx_word' id='word_1_248' title='bbox 65 1794 123 1825; x_wconf 83' lang='lat' dir='ltr'><strong>hos</strong></span> <span class='ocrx_word' id='word_1_249' title='bbox 146 1792 252 1824; x_wconf 84' lang='lat' dir='ltr'><strong>libros</strong></span> <span class='ocrx_word' id='word_1_250' title='bbox 280 1791 485 1833; x_wconf 85' lang='lat' dir='ltr'><strong>conscripsit</strong></span> <span class='ocrx_word' id='word_1_251' title='bbox 509 1791 616 1830; x_wconf 78' lang='lat' dir='ltr'><strong>Naso,</strong></span> <span class='ocrx_word' id='word_1_252' title='bbox 638 1794 676 1822; x_wconf 85' lang='lat' dir='ltr'><strong>ut</strong></span> <span class='ocrx_word' id='word_1_253' title='bbox 702 1790 770 1822; x_wconf 77' lang='lat' dir='ltr'><strong>Au-</strong></span> 
     </span>
     <span class='ocr_line' id='line_1_32' title="bbox 66 1841 772 1885; baseline -0.006 -9"><span class='ocrx_word' id='word_1_254' title='bbox 66 1844 155 1885; x_wconf 67' lang='lat' dir='ltr'><strong>gusti</strong></span> <span class='ocrx_word' id='word_1_255' title='bbox 177 1844 261 1875; x_wconf 83' lang='lat' dir='ltr'><strong>iram</strong></span> <span class='ocrx_word' id='word_1_256' title='bbox 289 1843 424 1881; x_wconf 86' lang='lat' dir='ltr'><strong>leniret,</strong></span> <span class='ocrx_word' id='word_1_257' title='bbox 442 1847 544 1883; x_wconf 87' lang='lat' dir='ltr'><strong>atque</strong></span> <span class='ocrx_word' id='word_1_258' title='bbox 572 1842 603 1872; x_wconf 87' lang='lat' dir='ltr'><strong>iu</strong></span> <span class='ocrx_word' id='word_1_259' title='bbox 631 1841 772 1879; x_wconf 84' lang='lat' dir='ltr'><strong>Urbem,</strong></span> 
     </span>
     <span class='ocr_line' id='line_1_33' title="bbox 68 1892 771 1933; baseline -0.006 -7"><span class='ocrx_word' id='word_1_260' title='bbox 68 1895 92 1926; x_wconf 62' lang='lat' dir='ltr'><strong>si</strong></span> <span class='ocrx_word' id='word_1_261' title='bbox 119 1895 255 1933; x_wconf 87' lang='lat' dir='ltr'><strong>liceret,</strong></span> <span class='ocrx_word' id='word_1_262' title='bbox 275 1896 522 1924; x_wconf 77' lang='lat' dir='ltr'><strong>reverteretur.</strong></span> <span class='ocrx_word' id='word_1_263' title='bbox 561 1892 691 1922; x_wconf 84' lang='lat' dir='ltr'><strong>Dubius</strong></span> <span class='ocrx_word' id='word_1_264' title='bbox 717 1901 771 1923; x_wconf 86' lang='lat' dir='ltr'><strong>au-</strong></span> 
     </span>
    </p>
   </div>
   <div class='ocr_carea' id='block_1_11' title="bbox 64 1943 773 2840">
    <p class='ocr_par' dir='ltr' id='par_1_15' title="bbox 64 1943 772 2388">
     <span class='ocr_line' id='line_1_34' title="bbox 65 1943 770 1984; baseline -0.004 -8"><span class='ocrx_word' id='word_1_265' title='bbox 65 1952 132 1976; x_wconf 77' lang='lat' dir='ltr'><strong>tern</strong></span> <span class='ocrx_word' id='word_1_266' title='bbox 146 1944 302 1976; x_wconf 78' lang='lat' dir='ltr'><strong>haerebat</strong></span> <span class='ocrx_word' id='word_1_267' title='bbox 316 1943 463 1984; x_wconf 80' lang='lat' dir='ltr'><strong>magisne</strong></span> <span class='ocrx_word' id='word_1_268' title='bbox 477 1952 518 1973; x_wconf 90' lang='lat' dir='ltr'><strong>ex</strong></span> <span class='ocrx_word' id='word_1_269' title='bbox 532 1947 612 1974; x_wconf 91' lang='lat' dir='ltr'><strong>voto</strong></span> <span class='ocrx_word' id='word_1_270' title='bbox 624 1951 677 1973; x_wconf 84' lang='lat' dir='ltr'><strong>res</strong></span> <span class='ocrx_word' id='word_1_271' title='bbox 695 1952 770 1983; x_wconf 93' lang='lat' dir='ltr'><strong>pro-</strong></span> 
     </span>
     <span class='ocr_line' id='line_1_35' title="bbox 65 1993 771 2034; baseline 0 -9"><span class='ocrx_word' id='word_1_272' title='bbox 65 1994 210 2026; x_wconf 84' lang='lat' dir='ltr'><strong>cederet</strong></span> <span class='ocrx_word' id='word_1_273' title='bbox 236 1994 380 2025; x_wconf 90' lang='lat' dir='ltr'><strong>reditum</strong></span> <span class='ocrx_word' id='word_1_274' title='bbox 408 2003 505 2024; x_wconf 85' lang='lat' dir='ltr'><strong>suum</strong></span> <span class='ocrx_word' id='word_1_275' title='bbox 531 1993 664 2024; x_wconf 83' lang='lat' dir='ltr'><strong>solicite</strong></span> <span class='ocrx_word' id='word_1_276' title='bbox 697 2004 771 2034; x_wconf 92' lang='lat' dir='ltr'><strong>pro-</strong></span> 
     </span>
     <span class='ocr_line' id='line_1_36' title="bbox 65 2044 772 2085; baseline -0.001 -9"><span class='ocrx_word' id='word_1_277' title='bbox 65 2044 229 2083; x_wconf 87' lang='lat' dir='ltr'><strong>curando,</strong></span> <span class='ocrx_word' id='word_1_278' title='bbox 253 2054 294 2074; x_wconf 91' lang='lat' dir='ltr'><strong>an</strong></span> <span class='ocrx_word' id='word_1_279' title='bbox 312 2054 393 2074; x_wconf 86' lang='lat' dir='ltr'><strong>vero</strong></span> <span class='ocrx_word' id='word_1_280' title='bbox 414 2044 587 2084; x_wconf 84' lang='lat' dir='ltr'><strong>patienter</strong></span> <span class='ocrx_word' id='word_1_281' title='bbox 609 2050 772 2085; x_wconf 81' lang='lat' dir='ltr'><strong>opportu-</strong></span> 
     </span>
     <span class='ocr_line' id='line_1_37' title="bbox 64 2094 771 2135; baseline -0.003 -9"><span class='ocrx_word' id='word_1_282' title='bbox 64 2095 208 2126; x_wconf 78' lang='lat' dir='ltr'><strong>nitatem</strong></span> <span class='ocrx_word' id='word_1_283' title='bbox 225 2094 455 2134; x_wconf 82' lang='lat' dir='ltr'><strong>expectaudo‚</strong></span> <span class='ocrx_word' id='word_1_284' title='bbox 481 2099 661 2135; x_wconf 81' lang='lat' dir='ltr'><strong>postquam</strong></span> <span class='ocrx_word' id='word_1_285' title='bbox 689 2099 771 2125; x_wconf 86' lang='lat' dir='ltr'><strong>tem-</strong></span> 
     </span>
     <span class='ocr_line' id='line_1_38' title="bbox 65 2145 770 2188; baseline -0.001 -10"><span class='ocrx_word' id='word_1_286' title='bbox 65 2155 147 2188; x_wconf 83' lang='lat' dir='ltr'><strong>pore</strong></span> <span class='ocrx_word' id='word_1_287' title='bbox 158 2145 380 2187; x_wconf 87' lang='lat' dir='ltr'><strong>Imperatoris</strong></span> <span class='ocrx_word' id='word_1_288' title='bbox 391 2146 515 2176; x_wconf 86' lang='lat' dir='ltr'><strong>lenitus</strong></span> <span class='ocrx_word' id='word_1_289' title='bbox 525 2146 655 2176; x_wconf 86' lang='lat' dir='ltr'><strong>animus</strong></span> <span class='ocrx_word' id='word_1_290' title='bbox 667 2151 770 2178; x_wconf 83' lang='lat' dir='ltr'><strong>esset.</strong></span> 
     </span>
     <span class='ocr_line' id='line_1_39' title="bbox 65 2195 771 2238; baseline -0.004 -10"><span class='ocrx_word' id='word_1_291' title='bbox 65 2196 156 2228; x_wconf 82' lang='lat' dir='ltr'><strong>Illud</strong></span> <span class='ocrx_word' id='word_1_292' title='bbox 179 2201 232 2227; x_wconf 86' lang='lat' dir='ltr'><strong>est</strong></span> <span class='ocrx_word' id='word_1_293' title='bbox 257 2195 347 2238; x_wconf 87' lang='lat' dir='ltr'><strong>quod</strong></span> <span class='ocrx_word' id='word_1_294' title='bbox 368 2196 442 2237; x_wconf 88' lang='lat' dir='ltr'><strong>jam</strong></span> <span class='ocrx_word' id='word_1_295' title='bbox 462 2196 645 2236; x_wconf 86' lang='lat' dir='ltr'><strong>allegorice</strong></span> <span class='ocrx_word' id='word_1_296' title='bbox 668 2196 771 2236; x_wconf 77' lang='lat' dir='ltr'><strong>signi-</strong></span> 
     </span>
     <span class='ocr_line' id='line_1_40' title="bbox 65 2246 769 2289; baseline -0.001 -11"><span class='ocrx_word' id='word_1_297' title='bbox 65 2246 167 2278; x_wconf 78' lang='lat' dir='ltr'><strong>ficat:</strong></span> <span class='ocrx_word' id='word_1_298' title='bbox 192 2256 302 2289; x_wconf 88' lang='lat' dir='ltr'><strong>neque</strong></span> <span class='ocrx_word' id='word_1_299' title='bbox 331 2246 468 2287; x_wconf 76' lang='lat' dir='ltr'><strong>placent</strong></span> <span class='ocrx_word' id='word_1_300' title='bbox 495 2247 720 2287; x_wconf 67' lang='lat' dir='ltr'><strong>quaecumqub</strong></span> <span class='ocrx_word' id='word_1_301' title='bbox 737 2247 769 2277; x_wconf 90' lang='lat' dir='ltr'><strong>in</strong></span> 
     </span>
     <span class='ocr_line' id='line_1_41' title="bbox 65 2295 769 2334; baseline -0.004 -5"><span class='ocrx_word' id='word_1_302' title='bbox 65 2297 154 2330; x_wconf 85' lang='lat' dir='ltr'><strong>hunc</strong></span> <span class='ocrx_word' id='word_1_303' title='bbox 170 2298 280 2329; x_wconf 82' lang='lat' dir='ltr'><strong>locum</strong></span> <span class='ocrx_word' id='word_1_304' title='bbox 304 2296 347 2327; x_wconf 77' lang='lat' dir='ltr'><strong>ab</strong></span> <span class='ocrx_word' id='word_1_305' title='bbox 369 2296 441 2326; x_wconf 83' lang='lat' dir='ltr'><strong>aliis</strong></span> <span class='ocrx_word' id='word_1_306' title='bbox 459 2295 574 2334; x_wconf 87' lang='lat' dir='ltr'><strong>allata,</strong></span> <span class='ocrx_word' id='word_1_307' title='bbox 590 2305 632 2326; x_wconf 79' lang='lat' dir='ltr'><strong>ex</strong></span> <span class='ocrx_word' id='word_1_308' title='bbox 649 2296 689 2326; x_wconf 85' lang='lat' dir='ltr'><strong>iis</strong></span> <span class='ocrx_word' id='word_1_309' title='bbox 706 2296 769 2327; x_wconf 87' lang='lat' dir='ltr'><strong>sal-</strong></span> 
     </span>
     <span class='ocr_line' id='line_1_42' title="bbox 67 2345 629 2388; baseline -0.004 -9"><span class='ocrx_word' id='word_1_310' title='bbox 67 2353 135 2379; x_wconf 81' lang='lat' dir='ltr'><strong>tem</strong></span> <span class='ocrx_word' id='word_1_311' title='bbox 154 2356 228 2388; x_wconf 82' lang='lat' dir='ltr'><strong>quae</strong></span> <span class='ocrx_word' id='word_1_312' title='bbox 245 2347 353 2377; x_wconf 88' lang='lat' dir='ltr'><strong>oculis</strong></span> <span class='ocrx_word' id='word_1_313' title='bbox 368 2345 524 2385; x_wconf 77' lang='lat' dir='ltr'><strong>subjecta</strong></span> <span class='ocrx_word' id='word_1_314' title='bbox 540 2351 629 2377; x_wconf 75' lang='lat' dir='ltr'><strong>sumt.</strong></span> 
     </span>
    </p>

    <p class='ocr_par' dir='ltr' id='par_1_16' title="bbox 67 2391 771 2638">
     <span class='ocr_line' id='line_1_43' title="bbox 108 2391 770 2437; baseline -0.005 -8"><span class='ocrx_word' id='word_1_315' title='bbox 108 2400 150 2429; x_wconf 77' lang='lat'><strong>98</strong></span> <span class='ocrx_word' id='word_1_316' title='bbox 182 2395 297 2436; x_wconf 76' lang='lat' dir='ltr'><strong>Vacuo]</strong></span> <span class='ocrx_word' id='word_1_317' title='bbox 322 2396 477 2437; x_wconf 83' lang='lat' dir='ltr'><strong>Namque</strong></span> <span class='ocrx_word' id='word_1_318' title='bbox 506 2391 634 2436; x_wconf 63' lang='lat' dir='ltr'><strong>ille‘qui</strong></span> <span class='ocrx_word' id='word_1_319' title='bbox 661 2406 694 2427; x_wconf 89' lang='lat' dir='ltr'><strong>re</strong></span> <span class='ocrx_word' id='word_1_320' title='bbox 712 2396 770 2426; x_wconf 88' lang='lat' dir='ltr'><strong>ali-</strong></span> 
     </span>
     <span class='ocr_line' id='line_1_44' title="bbox 67 2446 771 2490; baseline -0.006 -11"><span class='ocrx_word' id='word_1_321' title='bbox 67 2457 135 2490; x_wconf 81' lang='lat' dir='ltr'><strong>qua</strong></span> <span class='ocrx_word' id='word_1_322' title='bbox 157 2447 303 2478; x_wconf 84' lang='lat' dir='ltr'><strong>animum</strong></span> <span class='ocrx_word' id='word_1_323' title='bbox 330 2446 434 2477; x_wconf 85' lang='lat' dir='ltr'><strong>habet</strong></span> <span class='ocrx_word' id='word_1_324' title='bbox 464 2446 610 2476; x_wconf 82' lang='lat' dir='ltr'><strong>maxime</strong></span> <span class='ocrx_word' id='word_1_325' title='bbox 627 2455 771 2486; x_wconf 82' lang='lat' dir='ltr'><strong>occupa-</strong></span> 
     </span>
     <span class='ocr_line' id='line_1_45' title="bbox 68 2495 770 2536; baseline -0.004 -6"><span class='ocrx_word' id='word_1_326' title='bbox 68 2503 139 2530; x_wconf 84' lang='lat' dir='ltr'><strong>tum</strong></span> <span class='ocrx_word' id='word_1_327' title='bbox 165 2497 207 2529; x_wconf 80' lang='lat' dir='ltr'><strong>sd</strong></span> <span class='ocrx_word' id='word_1_328' title='bbox 236 2497 303 2528; x_wconf 86' lang='lat' dir='ltr'><strong>alia</strong></span> <span class='ocrx_word' id='word_1_329' title='bbox 337 2495 451 2526; x_wconf 87' lang='lat' dir='ltr'><strong>vocari</strong></span> <span class='ocrx_word' id='word_1_330' title='bbox 486 2495 599 2536; x_wconf 85' lang='lat' dir='ltr'><strong>inique</strong></span> <span class='ocrx_word' id='word_1_331' title='bbox 629 2496 770 2535; x_wconf 88' lang='lat' dir='ltr'><strong>patitur.</strong></span> 
     </span>
     <span class='ocr_line' id='line_1_46' title="bbox 67 2545 771 2588; baseline -0.006 -7"><span class='ocrx_word' id='word_1_332' title='bbox 67 2547 170 2582; x_wconf 79' lang='lat' dir='ltr'><strong>Quod</strong></span> <span class='ocrx_word' id='word_1_333' title='bbox 203 2547 322 2579; x_wconf 83' lang='lat' dir='ltr'><strong>sedulo</strong></span> <span class='ocrx_word' id='word_1_334' title='bbox 358 2546 398 2577; x_wconf 87' lang='lat' dir='ltr'><strong>iis</strong></span> <span class='ocrx_word' id='word_1_335' title='bbox 436 2545 682 2577; x_wconf 85' lang='lat' dir='ltr'><strong>advertendum</strong></span> <span class='ocrx_word' id='word_1_336' title='bbox 714 2547 771 2588; x_wconf 89' lang='lat' dir='ltr'><strong>qui</strong></span> 
     </span>
     <span class='ocr_line' id='line_1_47' title="bbox 67 2596 663 2638; baseline -0.005 -8"><span class='ocrx_word' id='word_1_337' title='bbox 67 2606 193 2638; x_wconf 73' lang='lat' dir='ltr'><strong>magna</strong></span> <span class='ocrx_word' id='word_1_338' title='bbox 208 2596 250 2628; x_wconf 78' lang='lat' dir='ltr'><strong>ad</strong></span> <span class='ocrx_word' id='word_1_339' title='bbox 267 2597 448 2637; x_wconf 77' lang='lat' dir='ltr'><strong>Principes</strong></span> <span class='ocrx_word' id='word_1_340' title='bbox 465 2602 663 2637; x_wconf 84' lang='lat' dir='ltr'><strong>procurant.</strong></span> 
     </span>
    </p>

    <p class='ocr_par' dir='ltr' id='par_1_17' title="bbox 68 2645 773 2840">
     <span class='ocr_line' id='line_1_48' title="bbox 109 2645 772 2686; baseline -0.002 -7"><span class='ocrx_word' id='word_1_341' title='bbox 109 2651 150 2681; x_wconf 75' lang='lat'><strong>⁰⁵</strong></span> <span class='ocrx_word' id='word_1_342' title='bbox 171 2645 357 2686; x_wconf 72' lang='lat' dir='ltr'><strong>Timentem]</strong></span> <span class='ocrx_word' id='word_1_343' title='bbox 373 2645 645 2684; x_wconf 69' lang='lat' dir='ltr'><strong>ingeniosissime</strong></span> <span class='ocrx_word' id='word_1_344' title='bbox 659 2647 748 2678; x_wconf 89' lang='lat' dir='ltr'><strong>istud</strong></span> <span class='ocrx_word' id='word_1_345' title='bbox 763 2658 772 2686; x_wconf 85' lang='lat'>;</span> 
     </span>
     <span class='ocr_line' id='line_1_49' title="bbox 69 2697 773 2741; baseline -0.004 -9"><span class='ocrx_word' id='word_1_346' title='bbox 69 2708 179 2741; x_wconf 84' lang='lat' dir='ltr'><strong>neque</strong></span> <span class='ocrx_word' id='word_1_347' title='bbox 195 2697 376 2739; x_wconf 73' lang='lat' dir='ltr'><strong>quicquam</strong></span> <span class='ocrx_word' id='word_1_348' title='bbox 392 2697 499 2736; x_wconf 77' lang='lat' dir='ltr'><strong>magis</strong></span> <span class='ocrx_word' id='word_1_349' title='bbox 520 2697 562 2728; x_wconf 74' lang='lat' dir='ltr'><strong>ad</strong></span> <span class='ocrx_word' id='word_1_350' title='bbox 579 2698 773 2729; x_wconf 87' lang='lat' dir='ltr'><strong>leniendum</strong></span> 
     </span>
     <span class='ocr_line' id='line_1_50' title="bbox 68 2746 772 2789; baseline -0.004 -7"><span class='ocrx_word' id='word_1_351' title='bbox 68 2750 216 2785; x_wconf 77' lang='lat' dir='ltr'><strong>animum</strong></span> <span class='ocrx_word' id='word_1_352' title='bbox 231 2746 389 2780; x_wconf 81' lang='lat' dir='ltr'><strong>conferre</strong></span> <span class='ocrx_word' id='word_1_353' title='bbox 403 2750 531 2787; x_wconf 83' lang='lat' dir='ltr'><strong>potest,</strong></span> <span class='ocrx_word' id='word_1_354' title='bbox 541 2756 641 2788; x_wconf 79' lang='lat' dir='ltr'><strong>quam</strong></span> <span class='ocrx_word' id='word_1_355' title='bbox 657 2748 772 2789; x_wconf 84' lang='lat' dir='ltr'><strong>liujus-</strong></span> 
     </span>
     <span class='ocr_line' id='line_1_51' title="bbox 68 2795 770 2840; baseline -0.006 -6"><span class='ocrx_word' id='word_1_356' title='bbox 68 2799 159 2834; x_wconf 78' lang='lat' dir='ltr'><strong>modi</strong></span> <span class='ocrx_word' id='word_1_357' title='bbox 177 2798 285 2832; x_wconf 80' lang='lat' dir='ltr'><strong>timor.</strong></span> <span class='ocrx_word' id='word_1_358' title='bbox 310 2796 412 2839; x_wconf 74' lang='lat' dir='ltr'><strong>Apud</strong></span> <span class='ocrx_word' id='word_1_359' title='bbox 428 2795 588 2830; x_wconf 73' lang='lat' dir='ltr'><strong>cordato·</strong></span> <span class='ocrx_word' id='word_1_360' title='bbox 602 2797 681 2830; x_wconf 83' lang='lat' dir='ltr'><strong>nihil</strong></span> <span class='ocrx_word' id='word_1_361' title='bbox 696 2807 770 2840; x_wconf 84' lang='lat' dir='ltr'><strong>pro·</strong></span> 
     </span>
    </p>
   </div>
   <div class='ocr_carea' id='block_1_12' title="bbox 825 1942 1532 2833">
    <p class='ocr_par' dir='ltr' id='par_1_18' title="bbox 825 1942 1532 2075">
     <span class='ocr_line' id='line_1_52' title="bbox 827 1942 1529 1984; baseline 0.001 -12"><span class='ocrx_word' id='word_1_362' title='bbox 827 1952 970 1984; x_wconf 70' lang='lat' dir='ltr'><strong>qumque.</strong></span> <span class='ocrx_word' id='word_1_363' title='bbox 1003 1942 1192 1983; x_wconf 71' lang='lat' dir='ltr'><strong>praesertim</strong></span> <span class='ocrx_word' id='word_1_364' title='bbox 1219 1948 1361 1981; x_wconf 89' lang='lat' dir='ltr'><strong>metum,</strong></span> <span class='ocrx_word' id='word_1_365' title='bbox 1389 1942 1432 1973; x_wconf 90' lang='lat' dir='ltr'><strong>de</strong></span> <span class='ocrx_word' id='word_1_366' title='bbox 1462 1951 1529 1983; x_wconf 86' lang='lat' dir='ltr'><strong>quo</strong></span> 
     </span>
     <span class='ocr_line' id='line_1_53' title="bbox 825 1992 1532 2032; baseline 0.001 -10"><span class='ocrx_word' id='word_1_367' title='bbox 825 1992 926 2023; x_wconf 89' lang='lat' dir='ltr'><strong>modo</strong></span> <span class='ocrx_word' id='word_1_368' title='bbox 963 1992 1048 2032; x_wconf 85' lang='lat' dir='ltr'><strong>dixi,</strong></span> <span class='ocrx_word' id='word_1_369' title='bbox 1078 1994 1227 2024; x_wconf 85' lang='lat' dir='ltr'><strong>latenter</strong></span> <span class='ocrx_word' id='word_1_370' title='bbox 1260 1998 1297 2024; x_wconf 84' lang='lat' dir='ltr'><strong>et</strong></span> <span class='ocrx_word' id='word_1_371' title='bbox 1322 1997 1423 2024; x_wconf 85' lang='lat' dir='ltr'><strong>caute</strong></span> <span class='ocrx_word' id='word_1_372' title='bbox 1453 1992 1532 2024; x_wconf 85' lang='lat' dir='ltr'><strong>iusi-</strong></span> 
     </span>
     <span class='ocr_line' id='line_1_54' title="bbox 825 2048 945 2075; baseline 0 -1"><span class='ocrx_word' id='word_1_373' title='bbox 825 2048 945 2075; x_wconf 88' lang='lat' dir='ltr'><strong>nuent.</strong></span> 
     </span>
    </p>

    <p class='ocr_par' dir='ltr' id='par_1_19' title="bbox 826 2092 1531 2224">
     <span class='ocr_line' id='line_1_55' title="bbox 871 2092 1530 2135; baseline -0.002 -11"><span class='ocrx_word' id='word_1_374' title='bbox 871 2097 932 2124; x_wconf 87' lang='grc'><strong>100</strong></span> <span class='ocrx_word' id='word_1_375' title='bbox 955 2094 1060 2135; x_wconf 72' lang='lat' dir='ltr'><strong>Solus]</strong></span> <span class='ocrx_word' id='word_1_376' title='bbox 1090 2096 1199 2127; x_wconf 78' lang='lat' dir='ltr'><strong>Quam</strong></span> <span class='ocrx_word' id='word_1_377' title='bbox 1227 2094 1353 2125; x_wconf 86' lang='lat' dir='ltr'><strong>callida</strong></span> <span class='ocrx_word' id='word_1_378' title='bbox 1377 2097 1430 2124; x_wconf 83' lang='lat' dir='ltr'><strong>est</strong></span> <span class='ocrx_word' id='word_1_379' title='bbox 1458 2092 1530 2124; x_wconf 76' lang='lat' dir='ltr'><strong>liaec</strong></span> 
     </span>
     <span class='ocr_line' id='line_1_56' title="bbox 828 2142 1531 2185; baseline 0 -11"><span class='ocrx_word' id='word_1_380' title='bbox 828 2143 990 2183; x_wconf 84' lang='lat' dir='ltr'><strong>adulatio,</strong></span> <span class='ocrx_word' id='word_1_381' title='bbox 1017 2153 1187 2185; x_wconf 86' lang='lat' dir='ltr'><strong>quamque</strong></span> <span class='ocrx_word' id='word_1_382' title='bbox 1211 2149 1294 2184; x_wconf 84' lang='lat' dir='ltr'><strong>apta</strong></span> <span class='ocrx_word' id='word_1_383' title='bbox 1316 2143 1358 2174; x_wconf 91' lang='lat' dir='ltr'><strong>ad</strong></span> <span class='ocrx_word' id='word_1_384' title='bbox 1381 2142 1531 2184; x_wconf 87' lang='lat' dir='ltr'><strong>Augusti</strong></span> 
     </span>
     <span class='ocr_line' id='line_1_57' title="bbox 826 2193 1205 2224; baseline 0 0"><span class='ocrx_word' id='word_1_385' title='bbox 826 2193 1020 2224; x_wconf 87' lang='lat' dir='ltr'><strong>leniendum</strong></span> <span class='ocrx_word' id='word_1_386' title='bbox 1038 2195 1205 2224; x_wconf 87' lang='lat' dir='ltr'><strong>animum!</strong></span> 
     </span>
    </p>

    <p class='ocr_par' dir='ltr' id='par_1_20' title="bbox 825 2241 1530 2425">
     <span class='ocr_line' id='line_1_58' title="bbox 869 2241 1530 2283; baseline -0.002 -9"><span class='ocrx_word' id='word_1_387' title='bbox 869 2243 1026 2283; x_wconf 75' lang='lat' dir='ltr'><strong>Achilleo]</strong></span> <span class='ocrx_word' id='word_1_388' title='bbox 1066 2243 1217 2274; x_wconf 81' lang='lat' dir='ltr'><strong>Achilles</strong></span> <span class='ocrx_word' id='word_1_389' title='bbox 1251 2251 1375 2282; x_wconf 84' lang='lat' dir='ltr'><strong>nempe</strong></span> <span class='ocrx_word' id='word_1_390' title='bbox 1410 2241 1530 2273; x_wconf 83' lang='lat' dir='ltr'><strong>eadem</strong></span> 
     </span>
     <span class='ocr_line' id='line_1_59' title="bbox 825 2291 1530 2334; baseline -0.001 -10"><span class='ocrx_word' id='word_1_391' title='bbox 825 2294 921 2325; x_wconf 82' lang='lat' dir='ltr'><strong>hasta</strong></span> <span class='ocrx_word' id='word_1_392' title='bbox 944 2304 1010 2334; x_wconf 85' lang='lat' dir='ltr'><strong>qua</strong></span> <span class='ocrx_word' id='word_1_393' title='bbox 1028 2294 1213 2333; x_wconf 81' lang='lat' dir='ltr'><strong>Telephum</strong></span> <span class='ocrx_word' id='word_1_394' title='bbox 1241 2293 1401 2323; x_wconf 79' lang='lat' dir='ltr'><strong>Herculis</strong></span> <span class='ocrx_word' id='word_1_395' title='bbox 1425 2291 1530 2323; x_wconf 85' lang='lat' dir='ltr'><strong>tilium</strong></span> 
     </span>
     <span class='ocr_line' id='line_1_60' title="bbox 826 2343 1528 2381; baseline 0 -7"><span class='ocrx_word' id='word_1_396' title='bbox 826 2345 1078 2381; x_wconf 74' lang='lat' dir='ltr'><strong>vulneraverat,</strong></span> <span class='ocrx_word' id='word_1_397' title='bbox 1110 2343 1351 2374; x_wconf 82' lang='lat' dir='ltr'><strong>reconciliatus</strong></span> <span class='ocrx_word' id='word_1_398' title='bbox 1377 2343 1528 2374; x_wconf 74' lang='lat' dir='ltr'><strong>sanavit:</strong></span> 
     </span>
     <span class='ocr_line' id='line_1_61' title="bbox 826 2392 1404 2425; baseline -0.005 0"><span class='ocrx_word' id='word_1_399' title='bbox 826 2399 863 2425; x_wconf 88' lang='lat' dir='ltr'><strong>ut</strong></span> <span class='ocrx_word' id='word_1_400' title='bbox 879 2394 911 2424; x_wconf 87' lang='lat' dir='ltr'><strong>iu</strong></span> <span class='ocrx_word' id='word_1_401' title='bbox 932 2393 1065 2424; x_wconf 74' lang='lat' dir='ltr'><strong>Amoris</strong></span> <span class='ocrx_word' id='word_1_402' title='bbox 1085 2393 1234 2423; x_wconf 83' lang='lat' dir='ltr'><strong>remedio</strong></span> <span class='ocrx_word' id='word_1_403' title='bbox 1251 2392 1404 2423; x_wconf 78' lang='lat' dir='ltr'><strong>vidimus.</strong></span> 
     </span>
    </p>

    <p class='ocr_par' dir='ltr' id='par_1_21' title="bbox 826 2443 1532 2833">
     <span class='ocr_line' id='line_1_62' title="bbox 870 2443 1529 2484; baseline 0 -9"><span class='ocrx_word' id='word_1_404' title='bbox 870 2447 928 2475; x_wconf 87' lang='lat'><strong>101</strong></span> <span class='ocrx_word' id='word_1_405' title='bbox 958 2445 1007 2475; x_wconf 86' lang='grc' dir='ltr'><strong>Νι·</strong></span> <span class='ocrx_word' id='word_1_406' title='bbox 1023 2444 1145 2484; x_wconf 80' lang='lat' dir='ltr'><strong>noceas]</strong></span> <span class='ocrx_word' id='word_1_407' title='bbox 1172 2443 1320 2474; x_wconf 72' lang='lat' dir='ltr'><strong>Maxime</strong></span> <span class='ocrx_word' id='word_1_408' title='bbox 1342 2453 1464 2475; x_wconf 77' lang='lat' dir='ltr'><strong>cavere</strong></span> <span class='ocrx_word' id='word_1_409' title='bbox 1493 2454 1529 2475; x_wconf 83' lang='lat' dir='ltr'><strong>se</strong></span> 
     </span>
     <span class='ocr_line' id='line_1_63' title="bbox 827 2494 1528 2533; baseline -0.004 -6"><span class='ocrx_word' id='word_1_410' title='bbox 827 2501 974 2528; x_wconf 78' lang='lat' dir='ltr'><strong>testatur</strong></span> <span class='ocrx_word' id='word_1_411' title='bbox 990 2496 1124 2533; x_wconf 81' lang='lat' dir='ltr'><strong>Cicero,</strong></span> <span class='ocrx_word' id='word_1_412' title='bbox 1139 2504 1216 2526; x_wconf 86' lang='lat' dir='ltr'><strong>cum</strong></span> <span class='ocrx_word' id='word_1_413' title='bbox 1237 2494 1427 2533; x_wconf 86' lang='lat' dir='ltr'><strong>cujuspiam</strong></span> <span class='ocrx_word' id='word_1_414' title='bbox 1451 2504 1528 2526; x_wconf 90' lang='lat' dir='ltr'><strong>cau-</strong></span> 
     </span>
     <span class='ocr_line' id='line_1_64' title="bbox 827 2543 1532 2583; baseline -0.003 -7"><span class='ocrx_word' id='word_1_415' title='bbox 827 2556 896 2577; x_wconf 81' lang='lat' dir='ltr'><strong>sam</strong></span> <span class='ocrx_word' id='word_1_416' title='bbox 911 2544 1124 2582; x_wconf 75' lang='lat' dir='ltr'><strong>defenderet,</strong></span> <span class='ocrx_word' id='word_1_417' title='bbox 1143 2554 1184 2575; x_wconf 84' lang='lat' dir='ltr'><strong>ne</strong></span> <span class='ocrx_word' id='word_1_418' title='bbox 1202 2543 1398 2583; x_wconf 78' lang='lat' dir='ltr'><strong>imprudens</strong></span> <span class='ocrx_word' id='word_1_419' title='bbox 1413 2549 1532 2574; x_wconf 84' lang='lat' dir='ltr'><strong>contra</strong></span> 
     </span>
     <span class='ocr_line' id='line_1_65' title="bbox 826 2593 1530 2636; baseline -0.009 -9"><span class='ocrx_word' id='word_1_420' title='bbox 826 2606 902 2627; x_wconf 78' lang='lat' dir='ltr'><strong>euin</strong></span> <span class='ocrx_word' id='word_1_421' title='bbox 927 2596 1111 2636; x_wconf 75' lang='lat' dir='ltr'><strong>quii-quam</strong></span> <span class='ocrx_word' id='word_1_422' title='bbox 1134 2594 1276 2625; x_wconf 76' lang='lat' dir='ltr'><strong>dici-ret.</strong></span> <span class='ocrx_word' id='word_1_423' title='bbox 1315 2594 1399 2624; x_wconf 67' lang='grc' dir='ltr'>Ωιι-«ε</span> <span class='ocrx_word' id='word_1_424' title='bbox 1416 2593 1530 2623; x_wconf 84' lang='lat' dir='ltr'><strong>cautio</strong></span> 
     </span>
     <span class='ocr_line' id='line_1_66' title="bbox 827 2642 1531 2687; baseline -0.009 -10"><span class='ocrx_word' id='word_1_425' title='bbox 827 2650 955 2687; x_wconf 86' lang='lat' dir='ltr'><strong>quanta</strong></span> <span class='ocrx_word' id='word_1_426' title='bbox 973 2645 1030 2683; x_wconf 81' lang='lat' dir='ltr'><strong>sit,</strong></span> <span class='ocrx_word' id='word_1_427' title='bbox 1057 2645 1122 2675; x_wconf 71' lang='lat' dir='ltr'><strong>illis</strong></span> <span class='ocrx_word' id='word_1_428' title='bbox 1149 2642 1355 2674; x_wconf 76' lang='lat' dir='ltr'><strong>censendum</strong></span> <span class='ocrx_word' id='word_1_429' title='bbox 1374 2642 1531 2682; x_wconf 73' lang='lat' dir='ltr'><strong>relinquo</strong></span> 
     </span>
     <span class='ocr_line' id='line_1_67' title="bbox 828 2692 1529 2737; baseline -0.004 -10"><span class='ocrx_word' id='word_1_430' title='bbox 828 2696 886 2737; x_wconf 83' lang='lat' dir='ltr'><strong>qni</strong></span> <span class='ocrx_word' id='word_1_431' title='bbox 912 2695 1048 2736; x_wconf 86' lang='lat' dir='ltr'><strong>experti</strong></span> <span class='ocrx_word' id='word_1_432' title='bbox 1076 2699 1177 2731; x_wconf 82' lang='lat' dir='ltr'><strong>sunt;</strong></span> <span class='ocrx_word' id='word_1_433' title='bbox 1203 2701 1343 2732; x_wconf 76' lang='lat' dir='ltr'><strong>namque</strong></span> <span class='ocrx_word' id='word_1_434' title='bbox 1369 2692 1441 2722; x_wconf 77' lang='lat' dir='ltr'><strong>aliis</strong></span> <span class='ocrx_word' id='word_1_435' title='bbox 1473 2693 1529 2724; x_wconf 84' lang='lat' dir='ltr'><strong>vix</strong></span> 
     </span>
     <span class='ocr_line' id='line_1_68' title="bbox 827 2742 1530 2787; baseline -0.007 -11"><span class='ocrx_word' id='word_1_436' title='bbox 827 2755 975 2787; x_wconf 88' lang='lat' dir='ltr'><strong>unquam</strong></span> <span class='ocrx_word' id='word_1_437' title='bbox 991 2745 1071 2776; x_wconf 76' lang='lat' dir='ltr'><strong>satis</strong></span> <span class='ocrx_word' id='word_1_438' title='bbox 1089 2742 1252 2775; x_wconf 85' lang='lat' dir='ltr'><strong>inculcari</strong></span> <span class='ocrx_word' id='word_1_439' title='bbox 1275 2742 1392 2782; x_wconf 82' lang='lat' dir='ltr'><strong>possit.</strong></span> <span class='ocrx_word' id='word_1_440' title='bbox 1430 2743 1530 2784; x_wconf 81' lang='lat' dir='ltr'><strong>Opti.</strong></span> 
     </span>
     <span class='ocr_line' id='line_1_69' title="bbox 826 2791 1531 2833; baseline -0.003 -6"><span class='ocrx_word' id='word_1_441' title='bbox 826 2805 880 2827; x_wconf 88' lang='lat' dir='ltr'><strong>me</strong></span> <span class='ocrx_word' id='word_1_442' title='bbox 909 2794 1029 2827; x_wconf 85' lang='lat' dir='ltr'><strong>dieunt</strong></span> <span class='ocrx_word' id='word_1_443' title='bbox 1054 2793 1176 2833; x_wconf 82' lang='lat' dir='ltr'><strong>nostri,</strong></span> <span class='ocrx_word' id='word_1_444' title='bbox 1201 2792 1228 2824; x_wconf 73' lang='lat' dir='ltr'><strong><em>A</em></strong></span> <span class='ocrx_word' id='word_1_445' title='bbox 1248 2791 1340 2830; x_wconf 77' lang='lat' dir='ltr'><strong>force</strong></span> <span class='ocrx_word' id='word_1_446' title='bbox 1358 2793 1396 2825; x_wconf 77' lang='lat' dir='ltr'><strong>de</strong></span> <span class='ocrx_word' id='word_1_447' title='bbox 1412 2794 1531 2826; x_wconf 65' lang='lat' dir='ltr'>tuber</span> 
     </span>
    </p>
   </div>
  </div>
 </body>
</html>
