1773 3121
235 206 349 248 2056

235 312 431 354 'raam
452 314 555 366 post
573 312 760 354 Veneris
779 325 879 354 cum
899 313 982 353 lux
1003 311 1235 353 surrexerit
1255 311 1364 352 Idus
1381 324 1392 363 3

293 380 528 421 Pontifices
547 379 670 420 forda
691 391 819 420 sacra
837 380 958 421 litate
979 381 1101 420 bove.

731 217 771 247 P.
803 216 962 247 ovlml
994 215 1207 247 NASONIS

1604 377 1688 418 630

238 446 385 487 Forda
404 446 548 486 ferens
567 446 649 486 bos
669 450 737 486 est
756 446 1059 499 foecundaque,
1087 445 1206 485 dicta
1225 444 1402 486 ferendo
1420 457 1430 485 :

294 513 414 554 Hinc
436 514 565 554 etiam
585 513 717 554 foetus
738 526 894 554 nomen
914 514 1071 554 habere
1092 517 1265 566 putant.

236 579 369 620 Nunc
390 580 614 632 gravidum
638 593 777 633 pecus
795 586 864 621 est
883 594 892 621 :
924 580 1115 633 gravidae
1137 593 1249 621 nunc
1271 580 1434 621 semine
1454 583 1594 625 terrae.

290 647 455 688 Telluri
477 647 617 700 plenae
636 649 817 688 victima
840 648 970 701 plena
992 648 1133 689 datur.

236 713 345 755 Pars
366 714 484 755 cadit
504 727 603 754 arce
623 714 651 754 J
657 715 755 755 ovis
777 729 785 755 :
818 719 883 754 ter
903 714 1035 755 denas
1064 713 1197 755 Curia
1217 728 1377 756 vaccas

1606 713 1690 755 635

290 780 503 834 Accipit;
536 785 579 821 et
598 783 721 832 largo
744 794 903 834 sparsa
925 795 1076 822 cruore
1098 783 1256 824 madet.

235 846 320 888 Ast
339 849 416 888 ubi
437 848 686 888 visceribus
709 848 872 888 vitulos
895 860 1071 900 rapuere
1092 848 1291 898 ministri,

291 914 507 967 Sectaque
527 915 715 955 fumosis
735 918 838 954 exta
858 913 1014 954 dedere
1034 914 1145 955 focis
1163 928 1174 966 3

233 980 341 1033 Igne
363 986 529 1022 cremat
546 982 722 1032 vitulos,
746 996 844 1035 quae
864 987 972 1022 natu
993 983 1190 1024 maxima
1211 981 1350 1035 Virgo
1368 996 1380 1035 3

291 1047 410 1089 Luce
434 1050 557 1089 Palis
577 1050 770 1102 populos
791 1053 943 1103 purget
962 1054 1013 1090 ut
1033 1049 1106 1090 ille
1126 1050 1255 1090 cinis.

1607 1049 1691 1090 640

233 1114 354 1168 Rege
376 1116 539 1165 Numa,
559 1116 700 1157 fructu
718 1130 803 1157 non
823 1117 1111 1170 respondente
1131 1117 1290 1167 labori,

289 1183 422 1224 Irrita
442 1185 617 1236 decepti
637 1188 741 1224 vota
764 1185 947 1224 colentis
967 1188 1102 1225 erant.

232 1250 351 1291 Nam
371 1251 500 1290 modo
522 1251 667 1291 siccus
688 1254 780 1290 erat
800 1250 953 1303 gelidis
974 1250 1268 1303 Aquilonibus
1290 1263 1450 1301 annus3

290 1317 423 1358 Nunc
442 1330 542 1370 ager
563 1318 742 1358 assidua
761 1318 1012 1358 luxuriabat
1033 1330 1163 1371 aqua.

230 1422 295 1454 dies
318 1423 413 1453 tertia
438 1424 507 1461 post
536 1421 609 1451 hius
636 1421 762 1452 Veneris
787 1421 943 1459 illuxerit,
969 1421 1151 1451 Sacerdotes
1177 1422 1294 1452 adolete
1319 1430 1408 1452 sacra
1433 1430 1523 1452 vacca
1547 1421 1689 1461 gravida.

230 1465 333 1496 Fortia
351 1468 395 1494 est
421 1473 512 1494 vacca
530 1462 639 1500 ferens
655 1467 686 1494 et
693 1463 852 1501 faecunda,
866 1463 1022 1504 appellata
1036 1474 1056 1494 a
1063 1463 1195 1502 ferendo
1209 1475 1218 1494 :
1240 1464 1312 1494 hinc
1331 1463 1426 1495 etiam
1452 1465 1582 1495 credunt
1590 1463 1688 1503 foetus

230 1508 337 1537 ducere
353 1516 470 1536 nomen.

516 1506 609 1536 Nunc
622 1516 712 1546 pecus
726 1510 772 1538 est
785 1508 907 1547 plenum
917 1516 929 1542 ‚·
950 1516 1031 1537 nunc
1050 1509 1146 1537 terrae
1164 1507 1272 1547 plenae
1288 1507 1412 1538 semine.
1461 1506 1596 1538 Victima
1614 1516 1691 1546 gra·

229 1549 303 1579 vida
319 1548 451 1589 offertur
478 1552 572 1579 terroe
593 1550 747 1589 gravidoe.
794 1550 874 1580 Pars
902 1552 1055 1580 mactatur
1084 1549 1117 1579 in
1141 1559 1212 1580 arce
1226 1550 1336 1580 Jovis:
1362 1548 1459 1580 Curia
1473 1548 1691 1589 accipiebam

228 1591 375 1630 triginta,
403 1595 493 1632 atque
509 1591 664 1631 irrigatur
678 1602 784 1632 sparsa
807 1592 901 1622 multo
913 1592 1073 1631 sanguine.
1119 1593 1164 1623 At
1186 1596 1348 1633 postquam
1368 1593 1537 1623 sacerdotes
1551 1601 1691 1623 excusse-

228 1637 302 1664 rant
330 1635 442 1664 vitulos
466 1635 655 1673 proecwdiis,
681 1638 712 1665 et
732 1635 905 1665 obtulerunt
921 1635 1040 1665 viscera
1061 1635 1214 1675 discerpta
1231 1635 1381 1665 altaribus
1397 1634 1553 1672 fumidis;
1579 1634 1688 1674 Virgo,

229 1686 296 1716 quoe
311 1676 530 1715 vetustissima,
546 1680 642 1707 torret
656 1678 727 1716 igne
741 1677 876 1714 vitul0s;
899 1680 933 1707 ut
951 1678 1001 1708 ille
1016 1678 1094 1708 cinis
1109 1679 1219 1708 lustret
1233 1680 1361 1717 populos
1376 1677 1425 1708 die
1442 1677 1539 1708 Palis.
1583 1677 1689 1707 Numa

227 1722 389 1758 regnante,
415 1723 487 1750 rota
514 1720 658 1758 agricolce
686 1720 771 1750 illusi
798 1723 886 1750 erant
911 1720 1032 1759 inania,
1050 1720 1163 1758 fructu
1186 1730 1247 1750 non
1266 1723 1407 1760 sequente
1422 1729 1556 1760 operam.
1603 1719 1689 1750 Nam

228 1763 314 1792 modo
329 1771 425 1793 annus
441 1766 509 1793 erat
524 1762 633 1793 aridus
645 1772 702 1803 per
710 1762 852 1802 frigidos
867 1763 1033 1802 Aquilones
1045 1774 1057 1800 ;
1080 1773 1159 1794 nunc
1175 1772 1250 1794 arra
1275 1762 1478 1794 luxuriabant
1499 1761 1606 1803 pluvia
1620 1771 1689 1792 cow-

834 1831 1071 1843 eeeeeeeeee

229 1873 262 1903 in
295 1874 464 1904 nonnullis
494 1875 643 1914 pertulit:
683 1884 733 1915 pr.
759 1873 799 1905 A.
830 1877 980 1915 pertudit,
1003 1875 1093 1916 quod
1126 1875 1241 1914 placet
1265 1874 1386 1905 Heins.
1411 1873 1465 1904 vel
1485 1874 1628 1914 perculit,
1650 1878 1688 1904 ut

229 1915 271 1945 ad
294 1915 331 1945 τὸ
355 1917 510 1954 grandine
531 1917 659 1948 alludat
681 1918 742 1948 hoc
767 1918 882 1948 verbo.
928 1918 1082 1950 Quatuor
1105 1918 1208 1948 etiam
1229 1917 1348 1956 scripti
1374 1917 1620 1947 militiae...suae.·
1642 1915 1684 1945 V.

227 1958 350 1988 militia>
362 1959 496 1998 protulit
510 1969 596 1989 arma
612 1963 791 1990 saca—631
817 1960 948 1991 Zulich.
972 1961 1047 1991 dict.
1067 1960 1319 1998 seranda—633
1345 1960 1437 1990 Nunc
1452 1958 1548 1988 dedit
1561 1957 1685 1988 Heins.

229 2008 270 2028 ex
298 2010 349 2040 pr.
372 2000 412 2032 A.
443 2001 535 2032 Voss.
564 2000 695 2032 Arund.
722 2003 811 2033 Maz.
835 2008 871 2033 et
888 2003 1021 2033 Zulich.
1048 2012 1107 2042 pro
1135 2003 1223 2042 vulg.
1247 2011 1379 2041 quoque:
1405 2002 1467 2032 Be.
1490 2000 1592 2031 habet
1617 2009 1685 2039 pro.

227 2041 283 2072 Sa.
305 2052 386 2072 nunc
397 2043 653 2081 germina—635
679 2044 720 2074 A.
739 2049 774 2075 et
791 2045 874 2075 alius
891 2046 927 2075 J.
945 2046 1112 2075 tradendas
1137 2045 1283 2076 C.-o39
1304 2044 1394 2074 Maz.
1412 2043 1484 2081 Ign.
1501 2045 1613 2073 cremet
1629 2042 1685 2073 vie.

229 2083 360 2114 Arund.
380 2088 536 2115 cremant.-
559 2095 643 2116 unus
659 2086 779 2118 Heins.
803 2090 1027 2118 creant—640
1051 2086 1198 2117 Plurimi
1226 2086 1303 2116 Luc.
1321 2085 1412 2116 Pales
1432 2094 1503 2125 pop.
1526 2085 1623 2115 Voss
1649 2089 1686 2115 et

891 2160 922 2190 N
927 2159 1028 2190 OTAE

230 2222 362 2253 dinoso.

270 2275 334 2304 629
370 2272 494 2313 Tertia]
533 2275 586 2304 17.
612 2273 691 2304 Kal.
715 2283 773 2304 seu
798 2277 849 2305 15.
873 2274 928 2305 die

229 2322 357 2363 Aprilis
373 2321 554 2353 fordicidia
571 2327 679 2354 erant.

275 2373 416 2412 Veneris]
468 2372 604 2413 Apriles
652 2383 758 2413 ergo;

228 2432 369 2463 namque
386 2431 480 2452 sacer
494 2423 550 2454 hic
566 2425 700 2455 mensis.

270 2475 332 2504 630
357 2473 475 2512 Fortia]
502 2473 664 2505 Gravida.

271 2524 370 2555 Sacra
385 2523 489 2562 litate]
518 2523 731 2554 Sacrificate.

803 2373 929 2404 Veneri

271 2576 333 2604 631
359 2572 515 2613 Ferendo]
536 2572 646 2613 Atque
660 2573 744 2603 adeo
757 2583 772 2603 e
787 2573 928 2613 simplici

229 2625 301 2655 sine
324 2634 341 2654 ο
357 2623 461 2654 scribi
477 2624 582 2654 debet
605 2622 715 2654 fetus:
740 2633 929 2664 quanquam

230 2675 285 2705 alii
303 2674 344 2705 ab
367 2673 518 2705 obsoleto
537 2672 592 2710 feo
613 2672 717 2714 magis
742 2672 927 2703 deducunt.

230 2726 361 2756 Fretum
393 2732 472 2754 vero
503 2732 563 2763 per
589 2733 615 2753 oe
644 2723 670 2754 si
700 2722 877 2763 scripseris
908 2732 928 2753 a

223 2776 358 2813 furendo
375 2773 589 2805 desumseris.

1026 2225 1087 2253 635
1114 2222 1211 2262 Pars]
1239 2221 1477 2260 Vicfimarum,
1494 2222 1637 2255 scilicet.

1026 2273 1084 2303 Ter
1109 2272 1218 2312 denas]
1263 2272 1354 2304 Quia
1384 2272 1528 2304 totidem
1560 2273 1685 2314 Curiae,

983 2323 1128 2361 scilicet,
1141 2322 1173 2353 in
1188 2332 1328 2363 quarum
1344 2322 1486 2363 singulis
1502 2332 1605 2355 vacca
1620 2333 1685 2355 una

983 2372 1210 2404 mactabatur.

1025 2426 1089 2454 639
1117 2422 1230 2462 Virgo]
1258 2421 1575 2461 Vestalis‚scilicet.

1026 2475 1089 2504 640
1123 2471 1230 2511 Palis]
1267 2471 1353 2502 Haec
1379 2471 1561 2501 Pastorum
1590 2471 1681 2511 Dea,

983 2532 1080 2563 quam
1097 2522 1199 2552 eiiam
1216 2522 1354 2552 Vestam
1373 2525 1408 2551 et
1420 2520 1593 2552 Tellurem
1607 2530 1680 2554 esse

985 2573 1176 2603 voluerunt.

1014 2625 1087 2658 ‚641
1127 2621 1216 2659 Rege
1247 2620 1367 2660 Numa]
1420 2620 1682 2654 Mactandarum

983 2671 1084 2702 boum
1116 2671 1204 2701 unde
1235 2674 1310 2702 orta
1341 2670 1385 2702 sit
1415 2680 1518 2702 causa
1545 2678 1680 2705 enarrat

984 2723 1086 2753 Naso.

1024 2775 1087 2804 644
1108 2771 1319 2812 Luxuriubat]
1349 2771 1456 2803 Totus
1482 2771 1513 2802 in
1539 2772 1678 2805 herbam
