1773 3121
562 235 785 269 FASTomJ
793 236 833 265 Μ’
861 236 957 268 ΙΛΒ.
989 238 1035 271 V.

72 327 154 370 Sol
174 342 346 383 quoque
366 317 620 372 cum‘stellis
639 328 762 369 nulla
783 331 998 381 gravitate
1018 337 1224 387 retentus,

1410 232 1526 276 2081

1469 338 1526 379 15

130 396 188 439 Et
206 410 287 439 vos
308 396 500 438 Lunares
519 395 764 436 exsiluistis
786 397 901 449 equi.

73 461 162 504 Sed
180 476 318 518 neque
338 467 447 504 terra
467 462 543 502 diu
564 463 694 511 coelo,
719 475 808 510 nec,
823 467 965 505 cetera
985 465 1157 510 Phoebo

129 529 287 571 Sidera
305 529 517 571 cedebant
535 543 544 570 :
574 541 654 583 par
673 535 769 571 erat
788 531 932 572 omnis
950 531 1111 576 honos.

67 595 200 651 Saepe
220 598 379 652 aliquis
400 597 528 647 solio,
550 597 670 651 quod
689 602 753 648 tu,
776 598 977 650 Saturne,
1000 603 1200 654 tenebas,

123 663 276 705 Ausus
294 664 348 705 de
368 664 511 706 media
530 666 660 720 plebe
688 665 841 707 sedere
864 667 1004 710 Deus.

69 729 129 772 Et
147 731 261 772 latus
283 731 461 774 Oceano
480 733 717 787 quisquam
740 734 868 776 Deus
885 735 1058 777 advena
1070 736 1248 790 junxit:

123 796 291 853 Tethys
314 805 360 840 et
379 803 572 842 extremo
593 813 716 855 saepe
737 807 920 857 recepta
937 803 1038 845 loco
1059 808 1140 845 est.

68 863 225 906 Donec
249 865 427 917 Honos,
449 868 715 923 placidoque
732 869 890 912 decens
913 870 1178 913 Reverentia
1198 871 1321 913 vultu

124 930 324 986 Corpora
344 935 554 987 legitimis
573 935 827 989 imposuere
848 938 969 978 toris.

69 997 189 1041 Hinc
211 1004 308 1041 sata
329 999 574 1055 Majestas;
605 1002 686 1042 hos
705 1007 771 1044 est
794 1003 890 1044 Dea
908 1016 1046 1045 censa
1066 1009 1270 1057 parentes
1288 1018 1297 1044 :
1473 1004 1529 1045 2>

124 1065 312 1121 Quaque
332 1068 403 1109 die
424 1072 549 1121 partu
570 1072 636 1110 est
653 1069 788 1120 edita,
808 1083 965 1123 magna
979 1070 1073 1111 fuit.

61 1199 215 1230 ntprema.
261 1191 315 1222 Sol
329 1192 423 1222 etiam
439 1192 523 1222 nullo
545 1193 678 1231 pondere
700 1200 870 1230 repressus,
894 1193 986 1231 utque
1011 1192 1118 1230 stella,
1133 1195 1163 1222 et
1180 1202 1231 1222 vos
1245 1192 1315 1232 equi
1335 1192 1475 1224 Lunares
1491 1194 1523 1224 in

62 1232 161 1263 ultum
175 1233 290 1263 sul-lati
305 1234 390 1264 estis.
440 1233 552 1263 Verum
568 1234 658 1271 longo
682 1236 817 1272 tempore
842 1242 938 1271 neque
966 1234 1055 1263 tellus
1079 1233 1239 1264 decedebat
1254 1235 1340 1272 coelo,
1362 1245 1457 1275 neque
1477 1245 1525 1266 re-

62 1275 147 1314 liqua
168 1278 253 1305 ostro
277 1275 366 1305 Soli.-
388 1274 486 1304 omnis
501 1275 594 1305 honos
617 1277 686 1305 erat
712 1275 851 1314 oequalis.
896 1274 985 1315 Soepe
1008 1275 1119 1314 aliquis
1139 1276 1226 1306 Deus
1240 1277 1278 1306 de
1293 1277 1416 1315 vulgari
1431 1277 1525 1308 turba

60 1317 273 1348 “meedere
285 1317 319 1347 in
341 1317 417 1347 solio
431 1317 508 1356 quod
524 1320 558 1347 tu
582 1316 749 1356 obtinebas,
776 1316 922 1347 Saturne.
968 1318 1071 1358 Atque
1095 1317 1208 1357 aliquis
1235 1318 1322 1349 Deus
1341 1320 1526 1358 peregrinus

59 1359 211 1389 commisit
239 1359 321 1390 lucus
338 1361 477 1390 Oceano:
503 1359 618 1401 Tethys
632 1359 726 1390 etiam
741 1363 863 1399 recepta
879 1363 924 1390 est
938 1369 1017 1399 soepe
1031 1361 1099 1390 sede
1113 1360 1235 1390 ultima.
1281 1360 1387 1391 Donec
1402 1361 1525 1401 Honor,

59 1404 152 1441 atque
170 1401 357 1432 Reverentia
373 1402 480 1432 decens
494 1401 581 1439 socie
596 1401 658 1432 leni
672 1402 895 1432 collocat-erunt
921 1411 1046 1442 corpora
1061 1402 1095 1432 in
1116 1403 1204 1433 lectis
1229 1402 1389 1441 legitimis.
1433 1403 1522 1435 Hinc

58 1446 130 1475 orta
146 1444 322 1482 Menestas,-
346 1443 416 1475 Deu
430 1444 558 1483 ‹ig-novit
574 1443 628 1474 hos
640 1447 785 1483 parentes
793 1453 805 1480 ;
827 1446 857 1474 et
880 1453 940 1483 quo
955 1444 1005 1474 die
1019 1444 1052 1474 in
1066 1444 1163 1475 lucem
1173 1444 1307 1485 prodiit,
1315 1444 1384 1483 fnit
1400 1455 1523 1486 magno.

674 1526 906 1538 emonem&

59 1584 239 1613 tenen—16
264 1581 353 1613 Mor.
371 1591 456 1612 unus
467 1591 558 1621 grac.
575 1581 804 1612 utentia-16
819 1580 841 1613 J
846 1589 902 1612 un.
916 1579 954 1612 L.
967 1580 1185 1622 praesihtt'stis:
1208 1580 1276 1613 duo
1292 1582 1369 1614 libri
1383 1583 1514 1623 prosilu-

59 1625 224 1656 istis—17
249 1624 304 1655 Fr.
328 1633 423 1664 neque
448 1627 629 1655 ceren—18
647 1625 702 1655 Fr.
730 1633 809 1654 omn.
832 1623 1025 1655 honora—19
1048 1621 1142 1656 Unus
1158 1624 1252 1656 Med.
1279 1634 1356 1656 cum
1382 1635 1433 1666 pr.
1457 1624 1524 1657 Ed.

59 1667 115 1698 sol.
147 1676 205 1707 quo
235 1670 258 1697 t.
289 1666 324 1698 S.
353 1666 489 1697 solebas.-
529 1667 619 1697 Maz.
647 1666 810 1703 Strozzae,
838 1670 874 1696 et
905 1670 974 1696 tres
1005 1666 1062 1697 alii
1091 1676 1148 1707 quo
1177 1670 1200 1698 t.
1229 1667 1264 1698 S.
1295 1667 1514 1699 “delum—21

60 1709 149 1740 Maz.
183 1708 266 1739 Nom
299 1710 319 1740 l.
349 1710 388 1741 O.
417 1709 487 1749 quis
516 1710 635 1749 quando
661 1710 725 1739 lete
755 1707 901 1747 legebam
925 1712 960 1738 et
988 1706 1086 1739 multi
1116 1709 1182 1740 Nec
1213 1718 1274 1750 pro
1299 1711 1404 1740 Nam.-
1429 1709 1519 1743 unde

59 1750 180 1782 Heins.
208 1752 271 1782 Nec
287 1751 308 1782 l.
328 1752 463 1789 Oceano,
479 1752 617 1791 quamvis
631 1753 812 1788 granam-u,
838 1749 962 1789 tegebat
982 1751 1019 1782 T.
1042 1751 1159 1782 Burm.
1177 1757 1291 1783 autem
1318 1751 1367 1783 sic
1383 1752 1519 1784 emend.

63 1793 105 1824 Et
129 1794 149 1824 1.
178 1794 313 1833 Oceano,
336 1794 475 1834 quamtis
499 1794 544 1824 D.
567 1804 596 1824 o.
614 1793 732 1831 j.—22
757 1793 826 1824 Pro
856 1793 969 1834 Tethys
992 1793 1069 1824 libri
1094 1793 1246 1835 plerique
1276 1798 1359 1825 vett.
1402 1795 1520 1835 Thetis,

57 1836 111 1866 vel
145 1835 279 1867 Themis.
304 1836 386 1868 Mox
417 1838 452 1868 F.
477 1846 550 1876 sep.
578 1840 701 1875 reperta
723 1835 780 1866 loc.
809 1839 846 1865 et
874 1835 930 1867 Fr.
955 1844 1016 1876 pro
1039 1845 1107 1868 var.
1124 1836 1202 1867 lect.
1229 1837 1435 1868 reliam—23
1461 1837 1518 1870 Fr.

60 1878 171 1909 Honor
226 1887 261 1909 ro
292 1878 410 1910 Honos.
450 1879 538 1910 Dein
571 1878 649 1908 Pat.
679 1877 852 1917 placidique
877 1887 981 1908 recens
1013 1879 1054 1910 R.
1079 1879 1201 1910 custus:
1238 1879 1336 1910 Voss.
1366 1880 1516 1920 placidoq.

57 1922 164 1952 sedem
189 1888 230 1952 18.
246 1923 362 1952 v.—24
387 1921 552 1961 Neapolis
572 1920 723 1951 malebat
750 1929 941 1960 composuere
954 1923 1103 1952 tora—25
1127 1921 1183 1952 Sic
1202 1921 1322 1953 Heius.
1338 1931 1380 1953 ex
1397 1931 1463 1952 uno
1478 1922 1518 1953 F.

58 1967 94 1995 at
110 1963 204 1995 Med.
220 1967 256 1994 et
273 1963 362 1995 Μαι.
380 1964 480 2005 vulgo
504 1963 681 2004 legebatur
707 1962 793 1993 Hinc
822 1972 847 1994 s.
869 1963 920 1994 M.
944 1973 1012 2004 quce
1038 1965 1184 1995 rutundum
1213 1967 1362 2005 temperat
1389 1973 1518 1997 omnem.

716 2057 858 2091 NOTAE

98 2137 139 2166 19
172 2134 321 2175 Saturne]
359 2134 428 2168 Qui
457 2138 572 2166 tamen
602 2134 755 2166 Deorum

55 2184 182 2226 primns
198 2185 375 2226 imperinm
392 2183 580 2216 obtinuisti.

96 2239 134 2267 21
164 2235 298 2276 Oceano]
320 2237 431 2269 Quem
445 2245 487 2266 ex
506 2234 635 2276 Orphei
651 2239 754 2276 atque

54 2284 195 2318 Homeri
211 2286 379 2318 sententia
406 2286 505 2317 Maro
524 2285 534 2302 ‘
552 2286 679 2316 Rerum
697 2294 753 2325 pa-

55 2335 152 2368 trem’
172 2336 334 2378 appellat.
357 2335 560 2375 Audieram,
573 2334 676 2366 scilic.
701 2335 753 2365 Ex

53 2386 148 2428 aquis
159 2386 271 2418 omnia
286 2386 389 2418 fuisse
405 2390 572 2418 extracta.

94 2435 237 2476 Aduena]
285 2435 462 2468 Advenam
494 2436 595 2467 istum
637 2436 751 2466 Deum

53 2485 194 2518 Oceano
226 2487 315 2518 lutus
346 2491 582 2519 conserentem
614 2496 680 2517 non
711 2486 751 2517 ri-

51 2535 134 2568 des?
181 2537 289 2570 Miror
338 2538 436 2570 simul
474 2548 537 2579 ego
575 2538 749 2578 ingenium

54 2584 184 2618 poete.

94 2636 137 2666 82
172 2635 300 2676 Tethys]
337 2637 429 2670 Uxor
460 2643 574 2669 tamen
604 2638 748 2678 Oceani,

50 2686 263 2726 omniumque
279 2688 430 2720 Deorum
445 2690 547 2721 etiam
564 2690 691 2721 nutrix.

96 2736 261 2777 Extremo]
282 2736 366 2768 Cum
380 2738 490 2770 nullus
506 2740 595 2772 illum
614 2749 747 2772 revere-

51 2791 157 2824 retur,
174 2789 232 2816 sut
249 2785 297 2815 illi
313 2784 509 2818 decederet.

137 2839 252 2880 Delpk.
267 2842 296 2871 et
318 2838 390 2870 Var.
409 2840 493 2870 Cloe.

729 2840 822 2871 ovid.

854 2136 894 2165 2³
909 2134 1108 2177 placidoque]
1127 2133 1288 2166 Resarcit
1299 2133 1436 2174 elegans
1448 2133 1516 2165 ista

811 2185 1029 2216 Reverentiae
1053 2184 1255 2226 descriptio,
1270 2183 1360 2225 quod
1377 2183 1410 2215 iu
1426 2191 1515 2225 prae-

810 2233 1011 2267 cedentibus
1028 2235 1124 2274 nugis
1137 2233 1369 2266 contrivimus.

851 2288 892 2317 24
919 2286 1073 2327 Corpora]
1093 2286 1242 2317 Deorum
1260 2285 1422 2324 ipsorum,
1438 2282 1511 2314 scil.

851 2335 1032 2375 Legitimis]
1059 2335 1329 2366 Fundamentum
1357 2333 1510 2374 adeoque

806 2385 942 2416 lionoris
958 2385 990 2416 in
1015 2386 1086 2426 ipsa
1110 2389 1161 2415 cst
1176 2385 1343 2425 dignitate
1359 2387 1395 2414 ct
1414 2382 1512 2414 meri-

806 2435 850 2467 tis
864 2435 955 2466 illius
969 2436 1025 2466 cui
1044 2435 1217 2466 tribuitur.
1251 2433 1315 2466 Ast
1331 2433 1420 2464 enim
1439 2432 1510 2473 pla-

804 2485 915 2517 cidam
933 2485 1175 2518 Reverentiam
1198 2490 1235 2517 ut
1256 2484 1356 2515 decet
1382 2483 1424 2514 de
1448 2493 1509 2514 sno

804 2537 934 2577 largiri,
948 2537 1098 2577 aliosque
1116 2536 1232 2566 innata
1245 2535 1349 2574 gloria
1364 2533 1509 2565 illustra-

804 2586 858 2618 rel
884 2587 1012 2618 Omnes
1030 2596 1050 2617 o
1067 2586 1194 2617 utinam
1211 2585 1254 2616 de
1271 2585 1345 2624 ejus
1359 2583 1391 2614 in
1405 2583 1509 2613 boue·

804 2635 960 2668 faciendo
992 2637 1168 2678 voluptate
1205 2634 1332 2676 aliquid
1364 2631 1506 2663 delibas-

802 2690 899 2720 sent!

845 2740 887 2769 26
911 2737 1055 2779 Quaque]
1079 2737 1218 2777 Optime
1236 2733 1341 2770 dixit;
1359 2741 1504 2772 namquo

801 2788 831 2819 is
854 2797 933 2821 vere
949 2797 1088 2829 mugnus
1109 2791 1144 2818 et
1166 2783 1384 2824 Maiestatem
1401 2780 1504 2812 lubet

1339 2837 1360 2865 ὅ
1383 2835 1415 2867 Q
