1773 3121
192 200 307 243 2102
678 210 718 239 P.
750 207 908 239 ovmu
940 206 1155 237 NAsoms

196 306 391 360 Respice
411 303 673 346 Tantaliden
691 317 700 344 :
731 303 882 344 eadem
904 303 1001 344 Dea
1021 303 1119 344 vela
1137 300 1327 342 tenebat.

253 373 393 426 Virgo
415 377 481 413 est
498 386 508 422 3
540 374 582 412 et
602 374 773 425 spretos
794 371 863 411 bis
884 377 1028 411 tamen
1048 371 1139 410 ulta
1158 370 1299 409 focos.

198 440 443 494 Hippolyte
464 439 631 488 infelix,
653 439 790 479 velles
812 432 1001 479 coluisse
1025 438 1211 485 Dionen,

256 507 368 548 Cum
390 507 677 548 consternatis
700 508 946 560 diripereris
968 507 1105 560 equis.

200 575 353 628 Longa
373 577 528 617 referre
550 589 672 616 mora
693 578 758 614 est
782 580 980 615 correcta
1002 573 1167 614 oblivia
1189 570 1374 612 damnis.

258 643 335 684 Me
359 656 528 697 quoque
547 643 735 683 Romani
759 643 1006 694 praeteriere
1027 640 1195 680 Patres.

202 709 322 760 Quid
343 711 562 750 facerem?
595 722 672 762 per
693 709 811 762 quod
831 709 979 748 fierem
996 706 1227 746 manifesta
1247 702 1440 745 doloris?

259 776 492 829 Exigercm
511 779 671 815 nostrae
695 774 844 826 qualia
864 773 1023 812 damna
1043 774 1189 813 notae?
1243 810 1246 812 ,

201 842 382 884 Excidit
401 841 593 882 officium
612 841 725 881 tristi
745 840 850 879 mihi
868 853 877 879 z
907 839 1028 878 nulla
1048 840 1200 879 tuebar

262 910 406 950 Rura:
436 921 515 949 nec
537 908 580 947 in
600 907 741 961 pretio
762 906 914 946 fertilis
935 906 1087 946 hortus
1108 908 1213 945 erat.

1565 497 1650 548 310

1571 834 1656 876 315

204 1063 268 1092 sine
284 1062 367 1100 igne.
418 1060 495 1091 Vide
511 1060 693 1091 Tantaliden
707 1070 717 1096 ;
740 1061 843 1091 eadem
859 1060 927 1091 Dea
943 1059 1154 1090 remorabatur
1168 1068 1270 1090 naves·
1321 1057 1418 1097 Virgo
1432 1059 1477 1088 est
1489 1065 1502 1094 ‚⁶
1523 1059 1659 1088 attamen

207 1105 254 1133 bis
269 1113 382 1143 quoque
403 1105 469 1133 ulta
485 1113 556 1133 aras
579 1104 744 1141 neglectas.
792 1104 892 1133 Miser
909 1103 1089 1143 Hippolyte,
1116 1111 1240 1142 cuperes
1253 1101 1415 1131 honorasse
1431 1101 1566 1138 Dionen,
1591 1108 1662 1129 cum

205 1146 425 1176 distrahereris
437 1145 474 1176 ab
496 1146 579 1184 equis
596 1145 744 1184 efferatis.
788 1146 929 1183 Longum
945 1149 990 1175 est
1005 1146 1140 1184 spatium
1155 1154 1283 1175 narrare
1298 1146 1469 1174 contemtus
1484 1142 1662 1181 compositos

207 1199 274 1218 cum
287 1188 396 1229 poenz‘s.
442 1188 554 1218 Patres
572 1187 704 1217 Romani
719 1197 766 1217 me
780 1188 874 1217 etiam
896 1188 1108 1224 neglexerant.
1157 1187 1241 1221 Quid
1255 1196 1390 1225 agerem,
1414 1195 1470 1225 per
1484 1185 1563 1224 quod
1577 1184 1662 1214 dolor

207 1241 290 1261 meas
303 1228 497 1270 patesceret?
542 1230 654 1265 Quales
669 1239 774 1269 poenas
787 1232 954 1269 repeterem
970 1230 1068 1259 nostri
1083 1228 1218 1259 indicii!
1241 1229 1357 1258 Moesta
1368 1228 1462 1258 oblita
1476 1237 1543 1257 sum
1558 1226 1662 1267 officii..

212 1273 320 1304 Nullos
335 1282 427 1312 agros
442 1271 649 1312 defendebam,
671 1282 764 1312 neque
772 1271 937 1309 foecundus
952 1271 1058 1302 hortus
1073 1274 1141 1302 erat
1159 1272 1190 1302 in
1199 1271 1311 1311 pretio,
1356 1270 1441 1300 Lilia
1464 1269 1642 1300 deciderant
1652 1279 1662 1299 :

821 1376 1054 1387 ‘nm‘

213 1442 299 1471 Maz.
316 1443 351 1471 et
368 1444 437 1470 tres
453 1440 509 1469 alii
529 1439 642 1479 Aspice
666 1439 699 1470 T.
723 1439 807 1470 Mox
824 1440 988 1480 Neapolis
1004 1449 1065 1480 pro
1081 1441 1148 1470 vela
1172 1439 1293 1471 suadet
1308 1440 1379 1469 tela.
1404 1439 1460 1468 Fr.
1477 1438 1520 1468 D.
1537 1438 1599 1468 tela
1613 1448 1664 1469 ve-

210 1483 421 1514 nelma—309
445 1483 535 1512 Maz.
551 1481 653 1522 pr.A.
671 1483 802 1513 etLaeti
819 1482 903 1514 Cod.
920 1483 988 1514 vell.
1002 1483 1128 1513 caluisse
1144 1482 1265 1513 Dione:
1290 1482 1345 1512 alii
1361 1480 1463 1511 etiam
1476 1480 1666 1511 Dionem.—

210 1529 229 1556 2}
237 1529 273 1556 10
282 1526 303 1557 J
308 1535 360 1556 un.
369 1526 452 1555 Tunc
462 1535 531 1555 cum
540 1524 810 1562 imminetis—31
818 1528 833 1555 l
849 1525 919 1555 Pro
929 1529 1064 1556 correcta
1075 1525 1174 1565 vulgo
1186 1524 1343 1565 legebam
1349 1534 1364 1554 r
1374 1524 1514 1554 collecta:
1530 1522 1665 1563 quidam

212 1569 334 1599 collata.
350 1569 358 1585 ‘
373 1569 521 1598 Correcta
536 1566 745 1607 praeferrem,
759 1577 835 1598 nam
850 1572 885 1598 et
893 1568 956 1598 hoc
974 1568 1152 1607 vocabulo,
1168 1577 1229 1608 pro
1242 1577 1309 1598 non
1326 1566 1437 1596 verbis
1453 1569 1594 1604 tantum,
1607 1565 1667 1595 sed

211 1612 285 1651 ipso
295 1609 387 1641 facto
398 1610 564 1650 castigare
579 1614 614 1640 et
626 1610 807 1640 emendare
818 1620 967 1640 errorem
982 1611 1034 1640 vel
1046 1615 1240 1650 peccatum,
1249 1610 1356 1640 utitur
1370 1609 1506 1639 Terent.
1519 1609 1605 1639 Eun.
1617 1616 1667 1639 1v.

213 1657 245 1684 5.
270 1654 278 1670 ‘
297 1652 500 1684 Nesciebam
519 1653 550 1682 id
575 1652 689 1683 dicere
703 1653 792 1683 illam
806 1653 869 1683 nisi
882 1654 962 1693 quia
976 1653 1133 1684 Correxit
1146 1652 1355 1693 miles‚quod
1371 1651 1522 1682 intellexi
1535 1650 1668 1690 minus;

213 1705 290 1726 uam
303 1705 356 1726 me
370 1698 516 1726 extrusit
530 1694 645 1726 foras!
669 1695 744 1726 Nisi
758 1695 802 1726 sit
819 1696 1010 1736 hypallage,
1022 1705 1081 1735 pro
1096 1696 1222 1726 collecta
1233 1697 1344 1726 damna
1359 1694 1527 1725 oblivione
1541 1698 1576 1723 et
1589 1701 1668 1723 con-

214 1743 323 1769 temtu
340 1738 503 1777 Deorum,
518 1742 555 1768 ut
569 1738 728 1768 Fanensis
745 1738 878 1768 videtur
896 1739 1040 1778 cepisse.
1087 1738 1213 1769 Oblivia
1229 1738 1267 1768 ab
1284 1737 1373 1768 annis
1390 1735 1539 1767 HercuL'
1555 1736 1667 1766 Burm.

214 1783 275 1811 313
300 1781 390 1813 Maz.
406 1781 444 1812 F.
457 1786 492 1812 et
506 1780 588 1810 alius
601 1790 657 1820 per
671 1790 738 1820 quoe
750 1781 827 1822 fier.
862 1781 960 1811 Voss.
979 1780 1093 1821 flerem
1115 1791 1198 1812 man.
1226 1785 1261 1811 et
1285 1784 1356 1811 tum
1384 1779 1472 1810 Mor.
1491 1778 1668 1816 suroris.—

216 1826 278 1854 314
303 1824 475 1863 Exigerem
489 1823 586 1853 dedit
602 1823 722 1854 Heius.
740 1832 782 1853 ex
800 1823 952 1862 plurimis
969 1823 1105 1864 scriptis
1121 1832 1182 1863 pro
1198 1823 1288 1864 vulg.
1312 1822 1499 1862 Exigerent.
1532 1819 1669 1852 Deinde

216 1866 383 1907 Excerpt.
410 1866 452 1897 D.
479 1867 558 1906 qual.
583 1867 664 1897 dona
679 1868 850 1898 not.—3l5
876 1866 916 1898 P.
940 1867 1016 1898 null.
1037 1865 1197 1897 tenebam:
1222 1866 1305 1897 alius
1328 1864 1587 1896 videbam—317
1610 1862 1668 1894 Sa.

875 1980 1013 2012 NOTAE

217 2062 384 2103 Meleagri
402 2062 474 2094 fata
497 2064 770 2096 continebantur.
804 2064 915 2096 Fabu-

218 2113 283 2143 lam
300 2113 479 2153 repetitam
494 2114 598 2144 habes
615 2114 647 2144 in
664 2114 903 2154 superioribus.

261 2166 325 2194 306
352 2163 492 2204 Phoebes]
533 2164 668 2203 Dianae,
696 2174 771 2205 quae
799 2164 915 2195 eadem

220 2214 316 2245 Luna
341 2219 402 2255 est,
425 2215 521 2255 cujus
538 2215 675 2255 quidem
696 2224 770 2245 aras
791 2214 917 2245 OEneus

218 2264 386 2304 Meleagri
400 2268 496 2304 pater
512 2265 721 2304 neglexerat.

263 2316 325 2345 307
342 2314 539 2354 Tantaliden]
567 2314 854 2354 Agamemnonem
872 2315 920 2345 di-

221 2363 271 2393 cit
284 2363 419 2394 Tantali
441 2371 678 2404 pronepotem,
695 2375 793 2406 quem
810 2365 919 2395 Diana

221 2412 341 2443 eadem
372 2413 405 2443 in
437 2414 571 2445 Aulidis
604 2421 716 2454 portu,
742 2415 784 2445 ob
816 2416 920 2445 inter-

222 2461 348 2493 sectam
361 2472 508 2502 cervam,
521 2474 563 2494 ne
575 2465 748 2505 inTrojam
763 2466 919 2504 navigare

224 2517 349 2553 posset,
363 2514 518 2551 retinuit,
535 2514 643 2546 donec
668 2516 851 2556 Iphigeniae
869 2525 920 2545 sa-

225 2561 354 2594 crificio
367 2563 573 2602 placaretur.

267 2615 331 2643 308
357 2613 468 2654 Virgo]
497 2613 660 2655 Adeoque
677 2615 900 2654 leuiingeuio.

268 2668 332 2696 309
354 2665 492 2706 Dionen]
518 2667 709 2705 Venerem3
733 2676 807 2707 quae
831 2676 921 2706 saepe

226 2726 268 2747 ex
284 2716 343 2747 illa
364 2721 486 2757 matre,
509 2726 609 2757 quam
633 2716 800 2747 dederunt
823 2716 923 2747 Hesi-

229 2767 312 2797 odus
349 2770 452 2808 atque
490 2766 670 2808 Homerus,
701 2767 797 2798 venit
824 2766 923 2799 intel-

970 2065 1116 2106 ligenda.

1015 2117 1077 2145 310
1101 2112 1307 2154 Diripereris]
1332 2111 1465 2152 Saepius
1483 2112 1554 2153 jam
1572 2111 1671 2143 mise-

972 2174 1045 2195 rum
1061 2164 1154 2194 illum
1169 2163 1289 2194 Thesei
1304 2162 1409 2193 filium
1429 2162 1472 2193 ab
1489 2162 1584 2203 equis
1601 2167 1670 2193 ter·

973 2215 1048 2245 ritis
1065 2214 1273 2253 discerptum
1289 2213 1445 2243 vidimus.

1015 2267 1075 2294 311
1103 2263 1242 2302 Oblivia]
1273 2263 1421 2293 Deorum
1438 2265 1643 2294 contemtus.

1016 2315 1163 2354 Damnis]
1216 2314 1346 2346 Quibus
1376 2311 1493 2344 afflicti
1522 2313 1672 2345 Deorum

974 2370 1213 2396 contemtores.

1017 2418 1035 2445 3
1042 2417 1078 2445 13
1094 2415 1216 2445 Fierem
1226 2411 1406 2451 manifesta]
1414 2412 1473 2442 Me
1482 2420 1570 2451 aegre
1580 2410 1673 2443 ferre

974 2464 1128 2495 ludorum
1154 2461 1421 2503 praeteritionem
1445 2462 1673 2493 omnesintel-

974 2515 1130 2554 ligerent.

1018 2567 1079 2595 314
1105 2562 1212 2601 Notoe]
1243 2561 1495 2602 Dedecoris,ex
1507 2563 1673 2603 neglectis

975 2613 1062 2644 ludis
1080 2613 1278 2643 Floralibus.

1019 2666 1079 2693 315
1105 2661 1253 2701 Excidit]
1284 2661 1388 2695 Quasi
1403 2661 1509 2692 oblita
1531 2665 1585 2695 est
1605 2671 1675 2696 ser-

977 2713 1160 2744 vandorum
1175 2710 1295 2744 florum
1309 2721 1380 2753 prae
1396 2720 1554 2745 moerore.
