1773 3121
230 218 346 261 1902

718 225 757 254 P.
789 223 949 254 oleu
981 221 1193 253 NASONIS

232 324 373 365 ORTA
396 322 490 363 dies
509 321 660 372 fuerit3
686 322 740 360 >‘tu
762 319 915 360 desine
939 318 1110 358 credere
1125 316 1281 359 ventis.

287 390 484 433 Perdidit
503 388 621 428 illius
643 387 851 439 temporis
872 399 977 427 aura
997 384 1140 426 fidem.

231 458 435 500 Flamina
454 469 540 495 non
562 457 785 494 constant:
816 457 858 493 et
896 466 974 493 sex
995 455 1184 492 reserata
1203 449 1361 491 diebus

1588 449 1674 491 455

287 524 487 565 Carceris
512 521 651 562 AEolii
667 521 808 574 janua
827 520 933 560 laxa
954 522 1091 572 patet.

227 592 257 632 J
263 603 331 632 AM
353 591 463 631 levis
486 589 666 641 obliqua
688 587 878 627 subsidit
899 584 1122 640 Aquarius
1142 597 1262 625 urna.

286 658 521 698 Proximus
540 655 750 696 aethereos
771 653 944 706 excipe,
967 652 1128 702 Piscis,
1151 664 1303 705 equos.

226 725 292 766 Te
313 727 553 765 memorant
573 722 828 774 fratremque
848 724 965 761 tuum
994 719 1115 774 (nam
1131 719 1284 773 juncta
1302 717 1474 759 micatis

286 789 442 845 Signa)
462 790 569 830 duos
589 793 706 841 tergo
727 788 985 828 sustinuisse
1009 787 1147 828 Deos.

225 916 262 944 tu
290 922 327 943 ne
354 912 488 953 confidas
512 910 622 940 ventis.
671 909 785 939 Ventus
809 907 896 937 illius
922 907 1113 946 tempestatis
1134 906 1252 938 excidit
1267 906 1346 947 fide.

224 954 361 993 stabiles,
402 958 430 984 et
458 954 554 983 valvoe
589 951 720 982 carceris
760 950 858 980 AEoliz'
886 950 968 979 laxa>
995 953 1103 988 patent
1144 952 1260 988 apertoe
1298 958 1354 978 sex
1393 947 1509 978 diebus.

964 991 1066 1021 Piscis
1097 991 1247 1031 proxime,
1279 991 1384 1030 excipe
1414 999 1502 1029 equos
1526 989 1673 1020 coelestes.

225 998 300 1028 levis
326 996 480 1036 Aquarius
504 994 635 1025 subsidit
660 1003 739 1024 urna
767 992 898 1032 obliqua.

1586 783 1673 825 460

1391 905 1486 936 Auroe
1514 914 1574 935 non
1598 908 1671 935 sunt

1596 947 1672 977 Jam

225 1040 343 1071 Dicunt
359 1042 390 1070 te
415 1042 445 1069 et
463 1037 601 1076 fratrem
626 1039 713 1068 tuum
736 1036 827 1076 (nam
851 1033 1027 1064 continuata
1045 1033 1181 1073 fulgetis
1204 1033 1331 1073 sidera)
1355 1032 1463 1064 tulisse
1485 1032 1574 1063 dorso
1598 1032 1674 1062 duos

831 1119 850 1131 »O
854 1117 1065 1131 ‘centone‘

223 1180 432 1220 elegantius;
454 1179 543 1210 unde
559 1183 593 1209 et
610 1179 726 1218 Egeria
742 1179 782 1209 ab
798 1181 945 1217 egei-endo
961 1179 1052 1210 dicta
1067 1177 1242 1209 creditur!
1264 1178 1483 1209 Barm.—453
1506 1174 1672 1207 Nonnulli

222 1223 343 1263 scripti
369 1226 405 1253 et
428 1221 511 1252 editi
537 1221 570 1251 di
591 1221 726 1258 fuerat;
748 1224 792 1251 tu.
816 1221 1003 1260 Hainburg.
1031 1221 1133 1251 etiam
1158 1230 1238 1250 nunc
1264 1230 1325 1260 pro
1341 1223 1395 1258 tu;
1419 1223 1456 1250 et
1470 1219 1532 1250 Be.
1559 1221 1672 1249 tua.-

222 1268 285 1296 454
308 1265 410 1296 Tress
422 1267 506 1294 vett.
531 1263 677 1293 Prodidit
693 1264 845 1293 itt—456
870 1263 989 1294 Heins.
1007 1263 1127 1293 suadet
1143 1263 1217 1292 [axa
1240 1272 1281 1292 ex
1298 1271 1365 1292 uno
1379 1260 1420 1292 A.
1436 1264 1472 1292 et
1489 1261 1671 1300 Gottorph.

222 1317 285 1347 pro
302 1307 390 1347 vulg.
406 1308 493 1337 lata.-
516 1305 582 1335 duo
609 1305 686 1335 libri
701 1307 883 1336 tota—457
910 1306 1002 1336 Cant.
1030 1305 1087 1336 lev.
1110 1304 1237 1344 antiqua
1257 1303 1340 1334 subs.
1356 1307 1390 1334 et
1409 1304 1462 1334 Fr.
1485 1312 1561 1333 cum
1578 1303 1670 1341 vulg.

221 1349 472 1380 subsedit.—458
495 1348 652 1387 Quinque
679 1347 757 1377 libri
782 1347 933 1378 Protinus
958 1348 1066 1378 oether.
1090 1351 1125 1378 et
1149 1351 1292 1387 quatuor
1306 1346 1406 1377 Prox.
1432 1354 1583 1385 aequoreos
1602 1354 1670 1375 exc.

224 1392 307 1424 Cod.
323 1392 410 1423 Laeti
425 1391 564 1422 Aitheos.
582 1391 636 1421 Fr.
650 1390 758 1421 oether.
774 1389 888 1429 accipe,
909 1389 1054 1420 P.-459
1069 1389 1197 1430 Gryph.
1212 1399 1284 1420 nam
1299 1392 1408 1419 cuncta
1420 1388 1594 1419 mia—461
1613 1387 1669 1418 Fr.

869 1484 901 1515 N
907 1483 1007 1516 OTAE

263 1565 323 1594 451
352 1561 480 1601 Facilis]
510 1561 678 1602 Propitia.

262 1616 325 1644 452
348 1612 506 1652 Molliter]
531 1612 611 1642 Sine
629 1611 811 1643 doloribus.

262 1665 323 1694 453
369 1662 463 1702 Orta]
514 1662 640 1692 Eadem
672 1662 918 1701 Lupercalium,

220 1714 350 1744 scilice-t
360 1713 490 1743 decimo
504 1712 620 1753 quinto
631 1711 783 1752 adeoque
794 1712 918 1742 Kalen-

220 1763 279 1794 das
296 1763 451 1803 Martias,
475 1772 541 1793 non
565 1762 696 1793 decimo
719 1765 852 1802 quarto,
869 1762 918 1792 uti

219 1814 453 1853 scripserunt3
501 1813 606 1843 multo
644 1813 752 1843 minus
786 1812 918 1844 decimo

218 1863 362 1903 septimo
379 1862 552 1893 Februarii
565 1862 699 1901 mensis,
709 1862 767 1893 sed
784 1863 917 1894 decimo

219 1912 357 1952 quinto:
383 1921 422 1943 eo
453 1921 595 1952 namque
619 1912 677 1942 Sol
699 1912 732 1942 in
757 1912 916 1943 Piscibus

219 1971 262 1993 ex
278 1963 385 1993 veteri
404 1963 506 1992 etiam
524 1961 742 1992 Kalendario.

266 2014 388 2053 Ventis]
432 2011 522 2051 Quia
546 2021 607 2058 per
635 2021 694 2043 sex
722 2011 794 2043 dies
820 2011 916 2042 vehe-

217 2069 362 2101 mentius
380 2074 461 2102 tunc
475 2071 637 2113 temporis
652 2071 733 2103 flare
749 2069 871 2104 solent·

256 2121 319 2155 454
333 2120 498 2162 Perdidit]
517 2124 607 2162 Lege
625 2123 782 2154 Prodidit.
809 2123 912 2156 ‘Pro-

214 2181 295 2212 dere
318 2173 430 2211 fideni⁵
457 2190 518 2221 pro
536 2173 547 2188 ‘
562 2171 700 2210 fiffffwre’
727 2173 913 2218 eleganter.

214 2230 370 2262 Produnt
399 2240 477 2261 vero
503 2230 603 2261 fidem
628 2231 732 2271 venti,
755 2233 810 2273 qui
835 2236 911 2266 cuni

214 2281 339 2322 placidi
361 2284 418 2311 aut
434 2281 541 2321 quieti
559 2281 767 2323 viderentur,
792 2294 910 2325 repen-

213 2331 285 2363 tina
301 2331 393 2362 rabie
410 2332 530 2370 coorti,
547 2333 657 2363 omnia
673 2335 883 2367 concutiunt.

254 2385 318 2414 456
352 2381 466 2421 AEolii]
504 2382 589 2413 AEoli
617 2378 793 2417 ventorum
820 2387 908 2427 rogis

213 2441 366 2463 carceres
397 2435 432 2461 et
460 2432 616 2472 claustra,
653 2434 772 2474 quibus
804 2445 908 2467 saevos

212 2480 408 2520 compescit,
426 2481 453 2509 si
476 2481 571 2521 cupis.
594 2483 733 2522 propius
759 2494 910 2526 cernere,

211 2530 389 2561 Maronem
409 2530 474 2561 adi.

253 2583 315 2612 457
347 2580 453 2620 Levis]
498 2581 587 2612 Quia
614 2592 633 2612 a
663 2582 793 2614 serendi
823 2586 908 2617 Solis

210 2628 326 2660 labore
342 2639 381 2659 eo
399 2629 453 2660 die
470 2635 591 2662 cessat.

257 2679 405 2720 Obliqua]
449 2679 503 2712 Ad
529 2681 763 2722 figurationem
790 2685 909 2716 sideris

213 2729 365 2770 respexit
375 2741 383 2768 ;
396 2730 473 2771 quia
482 2740 600 2772 nempe
610 2742 651 2763 ex
660 2733 792 2764 inversa
802 2743 908 2775 prope

213 2788 297 2811 urna
320 2788 407 2822 aqua
428 2780 462 2812 in
487 2782 603 2815 Pisces
624 2788 683 2816 aut
709 2782 908 2828 effunditur,

971 1564 1030 1592 aut
1047 1559 1173 1592 effundi
1190 1559 1338 1591 videtur.

1013 1610 1170 1650 Subsidit]
1213 1610 1353 1642 Poetice
1382 1610 1481 1649 dixit,
1512 1611 1604 1652 quasi
1634 1612 1668 1643 in

971 1661 1112 1693 ferendo
1162 1661 1240 1693 Sole
1285 1662 1424 1692 multum
1443 1689 1449 1696 ,
1469 1661 1668 1694 desudasset

972 1711 1152 1753 Aquarius.

1012 1765 1075 1794 458
1110 1761 1226 1801 Piscis]
1274 1761 1373 1793 Sidus
1402 1762 1485 1794 illud
1511 1763 1666 1804 intellige

972 1812 1062 1853 quod
1078 1810 1248 1851 σύνδεσμον
1270 1811 1436 1853 ὑπούρανον
1459 1812 1587 1846 Aratus
1610 1823 1669 1854 ap·
1707 1844 1709 1846 .

972 1864 1122 1903 pellavit,
1137 1868 1171 1895 et
1185 1863 1316 1895 duobus
1332 1864 1479 1904 piscibus
1489 1864 1668 1896 constitui-

972 1916 1038 1951 tur,
1065 1912 1127 1942 sub
1157 1912 1372 1944 Andromeda
1405 1924 1522 1944 versus
1553 1913 1669 1954 AEqui-

968 1962 1163 1993 noctialem.
1207 1962 1259 1992 De
1285 1972 1349 2003 quo
1375 1963 1455 1993 vide
1480 1963 1669 2003 Hyginum,

970 2022 1011 2042 ne
1036 2023 1111 2043 curn
1127 2014 1192 2044 alio
1217 2014 1307 2053 pisce
1332 2013 1516 2045 confundas
1543 2015 1599 2055 qui
1623 2015 1665 2046 ad

969 2061 1205 2098 Antarcticum
1222 2063 1326 2103 magis
1349 2068 1511 2103 remotus,
1527 2063 1667 2096 Notius-

968 2133 1032 2165 que
1048 2133 1181 2166 quoque
1197 2112 1332 2158 dicitur-

1013 2177 1131 2216 Equos]
1159 2177 1258 2217 Solis,
1289 2177 1434 2221 scilicet,
1460 2170 1518 2223 qui
1542 2170 1664 2212 [elicto

969 2224 1116 2274 Aquario
1130 2227 1165 2257 in
1177 2228 1294 2260 Pisces
1309 2230 1440 2262 transit.
1641 2240 1645 2246 ·

1005 2286 1069 2314 459
1097 2279 1256 2327 Fratrem]
1298 2279 1432 2318 Piscem
1459 2281 1661 2327 ali¹1m;·qui

963 2334 1093 2365 Boi-eus
1110 2336 1215 2376 magis
1239 2336 1282 2367 ad
1297 2337 1585 2378 Septemtrionem
1608 2343 1659 2372 τ’ἔ-

962 2387 1086 2424 motus,
1120 2395 1196 2416 cum
1227 2387 1320 2426 prior
1353 2387 1475 2419 Notius
1514 2399 1533 2420 a
1564 2390 1658 2422 Noto

963 2440 1074 2475 vento,
1089 2437 1144 2476 qui
1166 2436 1208 2470 ab
1224 2437 1282 2469 illa
1298 2442 1396 2478 parte
1420 2441 1584 2481 exsurgit,
1600 2451 1657 2483 ap-

962 2485 1120 2525 pelletur.
1628 2485 1630 2488 ”

1003 2537 1065 2566 460
1098 2535 1303 2576 Sustinuisse]
1347 2537 1454 2570 Immo
1479 2539 1510 2571 ln
1543 2541 1655 2580 pisces

960 2589 1105 2616 mutatos
1119 2587 1288 2626 Venerem
1311 2587 1580 2630 Cupidinemque
1599 2590 1656 2623 alii

961 2635 1107 2667 fabulati
1142 2640 1238 2667 sunt:
1276 2636 1411 2667 diversa
1443 2637 1582 2679 insuper
1609 2640 1654 2675 de

960 2686 1120 2726 Syrorum
1136 2685 1374 2733 superstitione
1396 2686 1502 2723 tradit
1527 2688 1655 2732 Diqdq.

961 2743 1024 2769 ωε.
