1773 3121
213 235 326 277 2166
695 248 733 278 P.
765 246 920 278 ovmn
954 247 1167 279 NASONIS

216 341 328 383 Tum
348 342 434 384 sibi
453 342 651 385 Callaico
672 344 832 386 Brutus
854 359 1091 397 cognomen
1111 346 1157 385 in
1175 346 1300 386 hoste

275 409 414 459 Fecit,
429 410 474 450 ⁴et
496 410 744 463 Hispanam
766 413 972 465 sanguine
992 413 1123 452 tinxit
1143 412 1331 452 humum.

216 476 398 517 Scilicet
418 478 635 517 interdum
655 480 889 520 miscentur
911 481 1048 520 tristia
1068 479 1202 529 laetis,

273 543 344 583 Ne
363 545 576 597 populum
596 549 688 586 toto
710 551 883 599 pectore
907 547 1022 586 festa
1036 547 1203 599 juvent.

218 610 406 650 Crassus
427 611 483 651 ad
506 611 753 664 Euphraten
771 613 973 666 Aquilam,
996 617 1245 664 natumque,
1267 622 1458 664 suosque

274 677 492 719 Perdidit:
525 684 570 719 et
590 680 677 720 leto
699 685 766 722 est
783 681 962 720 ultimus
984 681 1079 732 ipse
1098 680 1242 719 datus.

217 742 394 793 Partho,
418 746 523 796 quid
539 747 737 785 exultas?
771 747 885 785 dixit
904 748 1022 786 Dea:
1055 747 1177 797 signa
1196 745 1387 786 remittes
1404 758 1413 784 ε

274 808 448 862 Quique
468 824 618 850 necem
642 810 793 850 Crassi
815 811 1022 859 vindicet,
1041 814 1154 852 ultor
1174 814 1264 853 erit.

218 874 290 913 AT
315 875 445 915 simul
466 876 616 915 auritis
639 876 769 916 violae
789 876 1019 916 demuntur
1040 877 1201 926 asellis,

273 941 329 981 Et
351 941 518 982 Cereris
538 942 684 995 fruges
707 955 862 995 aspera
883 956 993 983 saxa
1014 947 1181 993 terunt3

218 1007 382 1049 Navita
399 1022 550 1062 puppe
570 1009 743 1058 sedens,
766 1010 986 1063 Delphina
1004 1011 1267 1059 videbimus,
1286 1010 1452 1064 inquit3

275 1075 473 1116 Humida
494 1089 592 1116 cum
614 1077 741 1129 pulso
760 1089 849 1116 nox
870 1077 950 1117 erit
971 1081 1065 1118 orta
1085 1077 1168 1117 die.

215 1142 238 1181 41
251 1154 335 1191 AM,
360 1143 524 1196 Phryx,
545 1157 571 1183 a
591 1147 725 1195 nupta
748 1145 958 1195 quereris,
979 1145 1181 1196 Tithono,
1202 1144 1415 1198 relinqui3

273 1208 331 1249 Et
351 1210 458 1262 vigil
478 1210 584 1250 Eois
606 1210 778 1250 Lucifer
798 1211 890 1250 exit
911 1211 1054 1263 aquis.

1572 609 1658 651 465

1578 944 1663 984 470

216 1331 281 1357 tum
293 1328 419 1366 pararit
432 1327 491 1357 sibi
504 1338 666 1365 cognomen
682 1329 713 1358 in
731 1329 814 1358 hoste
832 1331 978 1368 Callaico,
991 1334 1020 1360 et
1037 1330 1143 1367 infecit
1163 1333 1278 1360 terram
1306 1331 1481 1370 Hispanam
1503 1330 1665 1370 sanguine.

225 1371 334 1399 Verum
348 1369 499 1399 enimvero
516 1369 659 1406 lugubria
675 1380 889 1409 nonnunquam
914 1372 1080 1401 miscentur
1093 1371 1232 1407 festivis,
1258 1381 1294 1401 ne
1303 1371 1504 1409 festajuvent
1516 1375 1664 1412 populum

216 1415 280 1440 into
303 1412 402 1441 corde.
449 1413 579 1440 Crassus
606 1412 711 1441 amisit
731 1414 769 1441 ml
794 1413 974 1452 Euphraten
1000 1414 1138 1453 Aquilas,
1152 1416 1182 1442 et
1188 1413 1306 1453 filium,
1333 1417 1362 1443 et
1388 1423 1456 1443 suos
1465 1423 1475 1449 ‚¹
1496 1417 1585 1453 atque
1599 1414 1665 1454 ipse

217 1457 262 1482 est
280 1456 450 1491 postremus
464 1452 656 1490 interfectus
702 1454 834 1493 Par-the,
863 1455 1055 1494 quamobrem
1078 1452 1274 1494 triumphas?
1296 1455 1397 1495 inquit
1412 1456 1503 1486 Dea.-
1523 1457 1669 1487 restitues

216 1497 325 1533 signa:
347 1497 437 1534 atque
464 1496 578 1525 vindex
593 1496 665 1534 erit,
681 1496 731 1535 qui
748 1497 912 1527 ulciscatur
933 1502 1061 1528 mortem
1078 1498 1327 1528 crassa—At
1344 1507 1410 1528 cum
1429 1498 1564 1537 primum
1578 1498 1666 1529 violae

217 1536 414 1575 ‹ier-uniuntur
439 1537 535 1567 asinis
557 1538 678 1577 auritis,
704 1543 736 1568 et
760 1539 876 1569 scabroe
892 1540 980 1569 moloe
987 1539 1146 1578 frangunt
1160 1549 1287 1570 munera
1304 1540 1438 1578 Cereris,
1454 1543 1547 1570 nauta
1560 1541 1666 1571 sedens

216 1581 250 1609 in.
258 1589 360 1619 puppe
375 1579 463 1618 aicit,
488 1580 681 1619 Aspiciemus
701 1581 900 1621 Delphinum,
917 1592 984 1612 cum
999 1592 1060 1612 nox
1075 1583 1135 1612 uda
1150 1582 1209 1612 erit
1225 1585 1306 1620 orla,
1319 1582 1368 1612 die
1381 1582 1665 1613 exacl⁰.—-——Jam

218 1623 312 1661 doles,
327 1622 440 1662 Phryx
464 1622 604 1663 Titlzone,
617 1624 718 1654 deseri
731 1633 749 1653 a
764 1624 891 1663 conjuge
902 1635 914 1660 ;
936 1627 1028 1664 atque
1044 1623 1176 1661 Lucifer
1196 1627 1390 1664 experrectus
1402 1625 1508 1665 prodit
1529 1634 1567 1655 ex
1581 1624 1668 1665 aquis

826 1708 1061 1719 eeeeeeeeeeee

216 1760 252 1789 τὸ
268 1763 312 1791 esc
329 1769 395 1791 non
410 1764 712 1800 agnoscunt.——461
737 1761 900 1802 Neapolis
917 1762 1004 1794 liber
1020 1762 1124 1794 habet
1144 1762 1200 1794 sib.
1218 1763 1374 1799 Galloeco,·
1391 1763 1433 1793 B.
1455 1762 1489 1792 in
1505 1763 1558 1793 Fr.
1577 1771 1665 1793 corr.

220 1803 385 1839 Galliaco;
408 1807 443 1833 at
459 1813 478 1834 a
493 1813 544 1843 pr.
560 1813 645 1835 man.
672 1805 819 1836 Galliaco.
863 1805 952 1836 Dein
973 1806 1006 1836 in
1022 1814 1064 1835 ex
1081 1806 1195 1836 Ursin.
1213 1809 1248 1836 et
1265 1805 1394 1836 Zulich.
1409 1805 1527 1835 Heius.
1551 1805 1667 1844 placet

218 1855 290 1885 prae
309 1846 396 1885 vulg.
419 1845 573 1876 zia—464
599 1845 691 1876 Olim
706 1847 881 1886 legebatur
898 1847 1117 1886 Nec...jucant.
1161 1847 1312 1887 Scaliger
1335 1847 1470 1878 volebat
1496 1847 1561 1877 Nec
1580 1857 1613 1886 p.
1638 1849 1664 1878 t.

217 1891 353 1927 tempore
372 1887 403 1925 f.
421 1888 557 1926 ,ἰαὶ-ΜΠ
579 1893 615 1919 et
631 1888 678 1919 sic
695 1889 830 1929 quidem
846 1890 902 1920 Sa.
919 1895 955 1920 at
971 1890 1138 1929 meliores,
1153 1893 1240 1920 teste
1258 1889 1377 1920 Heins.
1422 1889 1666 1928 Ne..-J’uvent·.—-

218 1932 279 1959 465
305 1930 358 1960 Fr.
375 1934 411 1960 et
426 1930 483 1960 alii
499 1930 807 1970 Euphratem—469
830 1931 871 1962 P.
889 1940 925 1962 et
940 1931 1072 1963 Arund.
1087 1932 1158 1964 sim.
1175 1932 1295 1963 auratis
1309 1931 1380 1962 viol.
1423 1932 1507 1961 Tum
1529 1930 1666 1971 quidam

218 1975 304 2003 vett.
335 1972 495 2003 dementur
520 1974 713 2005 usal—470
735 1973 804 2005 Alii
829 1983 898 2005 sax.
925 1977 1145 2006 terunt—472
1174 1975 1262 2006 Maz.
1287 1983 1356 2005 cum
1377 1975 1463 2013 pulsa
1486 1974 1664 2004 nom—473

870 2064 1009 2096 NOTAE

219 2137 455 2169 afficiebantur
468 2139 637 2178 Vestales,
652 2149 726 2180 quae
744 2139 915 2179 virginita-

221 2193 290 2218 tem
307 2197 399 2218 suam
413 2188 650 2228 prodidissent.

261 2241 323 2269 461
351 2239 503 2278 Callaico]
526 2239 624 2270 Anno
654 2239 755 2270 Urbis
774 2243 847 2270 618.
870 2240 915 2271 D.

219 2288 342 2320 ,Iunius
354 2289 480 2319 Brutus
497 2290 675 2328 sexaginta
691 2289 916 2320 Gallaecorum

220 2347 279 2368 seu
296 2338 520 2369 Callaicorum
544 2339 660 2377 millia,
676 2339 730 2379 qui
748 2339 918 2369 Lusitanis

222 2387 346 2417 auxilio
374 2392 549 2426 venerant,
576 2398 696 2428 aspero
723 2392 758 2419 et
788 2386 918 2418 difficili

220 2436 311 2467 bello
328 2438 497 2476 oppressit
511 2449 519 2476 ;
542 2448 583 2468 ex
599 2448 664 2478 quo
680 2438 846 2469 Callaicus
858 2448 917 2469 seu

221 2485 391 2517 Gallaecus
404 2486 524 2517 dictus.

263 2538 324 2566 463
348 2535 473 2566 Scilicet
488 2536 657 2575 interdurn]
695 2538 819 2569 Nescio
835 2537 914 2578 quid

220 2585 299 2616 mali
314 2585 404 2615 istud
422 2585 632 2624 apportabit.

263 2638 325 2666 465
352 2632 494 2671 Crassus]
522 2634 577 2664 De
593 2643 633 2664 eo
646 2643 756 2674 supra.

264 2687 326 2716 467
351 2684 438 2724 Dea]
452 2683 573 2724 Vesta,
584 2684 679 2724 cujus
690 2683 814 2715 festum
828 2686 915 2716 cele-

223 2733 352 2765 bratur.

264 2785 327 2815 468
354 2783 460 2823 Ultor]
477 2783 549 2815 Ista
560 2783 593 2815 in
606 2782 749 2825 Augusti
764 2785 915 2825 gratiam.

1013 2143 1075 2171 469
1098 2139 1216 2177 Simul]
1239 2140 1370 2170 Quarto
1386 2137 1467 2169 Idus
1480 2138 1667 2169 Columella

970 2190 1071 2220 etiam
1089 2189 1251 2230 Delphini
1269 2188 1353 2219 facit
1375 2193 1483 2220 ortum
1501 2188 1668 2229 vesperti-

971 2249 1060 2268 uum.

1018 2286 1129 2326 Violoe]
1159 2287 1258 2326 Quae,
1273 2286 1403 2317 Vestali
1416 2286 1483 2328 die,
1494 2287 1666 2318 coronatis

973 2347 1059 2377 pane
1076 2337 1178 2367 asinis
1192 2335 1386 2376 affiguntur.

1013 2390 1075 2418 470
1103 2386 1203 2426 Sara]
1248 2387 1364 2426 Molae,
1390 2396 1466 2427 quae
1493 2387 1536 2418 ab
1566 2387 1667 2418 asinis

971 2441 1161 2468 versantur.

1012 2490 1072 2518 471
1088 2485 1260 2526 Delphina]
1275 2486 1330 2516 De
1346 2495 1410 2525 quo
1423 2485 1530 2516 sidere
1542 2484 1666 2517 videsis

969 2536 1002 2566 in
1020 2535 1261 2576 superioribus.

1010 2588 1072 2616 473
1094 2584 1222 2624 Phryx]
1246 2584 1414 2623 Trojanus
1438 2583 1524 2613 enim
1541 2582 1666 2614 'Pithon

969 2634 1240 2666 Laomedontius.

1011 2682 1171 2722 Relinque]
1183 2683 1272 2714 Quia
1284 2681 1438 2722 exsurgit
1448 2682 1578 2713 Aurora
1587 2691 1666 2714 con-

963 2743 1039 2774 Jux.

1011 2786 1073 2816 474
1095 2781 1238 2824 Lucifer]
1260 2782 1404 2815 Veneris
1417 2782 1528 2823 stella,
1538 2782 1579 2814 de
1595 2791 1662 2824 qua
