1773 3121
217 165 332 208 1630

706 176 746 206 Ρ.
779 175 938 204 ovmu
971 173 1188 207 NASONIS

222 270 328 320 Hic,
357 270 431 325 qui
452 282 565 310 nunc
587 270 725 322 aperit
743 269 946 323 percussi
967 270 1138 312 viscera
1156 269 1286 319 tauri,

280 337 335 378 In
357 337 496 378 sacris
517 337 680 377 nullum
702 337 838 378 culter
856 337 1048 379 habebat
1068 350 1198 392 opus.

222 404 374 446 Prima
396 403 526 444 Ceres
544 404 688 445 avidae
712 405 866 457 gavisa
885 410 955 445 est
975 406 1184 458 sanguine
1205 416 1371 459 porcae,

281 469 394 511 Ulta
413 483 519 511 suas
538 471 692 512 merita
710 472 835 512 caede
856 473 1056 513 nocentis
1077 485 1198 526 opes.
1595 470 1681 510 350

226 537 344 579 Nam
366 542 480 587 sata,
502 551 604 583 ¹vere
622 551 752 588 nom,
774 540 933 580 teneris
955 539 1163 580 lactentia
1184 538 1346 587 succis,

283 604 419 646 Eruta
440 607 637 657 setigerae
660 607 876 659 comperit
893 619 967 647 ore
989 607 1098 647 suis.

226 672 312 713 Sus
333 672 516 712 dederat
537 685 708 725 poenas.
769 672 988 727 Exemplo
1009 674 1188 715 territus
1207 671 1341 726 hujus

289 738 475 780 Palmite
495 739 705 780 debueras
726 742 1008 790 abstinuisse,
1028 754 1174 793 caper.

229 805 373 856 Quem
394 810 598 858 spectans
620 807 781 858 aliquis
803 806 951 846 dentes
972 809 1015 847 in
1034 808 1124 847 vite
1146 808 1425 859 prementem,
1596 803 1686 845 355

283 871 416 912 Talia
436 884 521 911 non
543 873 679 911 tacito
700 872 821 913 dicta
841 871 992 912 dolore
1014 872 1161 913 dedit:

230 937 377 986 Rode,
400 951 546 990 caper,
567 939 723 979 vitem:
753 927 898 979 tamen
919 939 1032 989 hinc,
1055 952 1153 979 cum
1176 937 1315 978 stabis
1333 936 1388 978 ad
1411 949 1544 987 aram,

288 1004 341 1044 In
360 1008 437 1045 tua
456 1005 575 1058 quod
596 997 746 1058 spargi
768 1019 935 1047 cornua
956 1007 1116 1061 possit,
1136 1006 1232 1047 erit.

229 1071 380 1112 Verba
401 1071 508 1112 fides
530 1074 752 1125 sequitur:
782 1086 915 1115 noxae
938 1075 1017 1114 tibi
1039 1073 1212 1114 deditus
1231 1072 1372 1114 hostis

289 1138 518 1191 Spargitur
537 1138 675 1179 affuso
697 1152 872 1190 cornua,
896 1140 1088 1190 Bacche,
1110 1153 1249 1181 mero.
1606 1139 1692 1182 360

235 1257 410 1298 compositis
433 1258 470 1288 de
487 1257 570 1298 flore
590 1259 689 1297 prati,
708 1262 775 1289 erat
791 1259 964 1300 opulentus·

1012 1259 1078 1290 Hic
1105 1260 1214 1300 culter,
1241 1259 1293 1299 qui
1316 1268 1396 1289 nunc
1412 1257 1500 1295 fodit
1523 1258 1698 1299 praecordia

232 1301 317 1331 tauri
331 1301 480 1340 percussi,
495 1301 613 1331 nullum
636 1301 764 1332 habebat
781 1311 855 1341 opus
868 1302 902 1333 in
916 1303 1023 1333 sacris.
1069 1303 1181 1333 Prima
1209 1303 1302 1332 Ceres
1326 1302 1436 1331 laetata
1450 1304 1496 1331 est
1511 1311 1617 1332 cruore
1631 1301 1696 1332 suis

232 1343 344 1381 ‹rt-ider,
368 1344 435 1373 ulta
450 1344 578 1373 divitias
599 1352 669 1373 suas
689 1347 786 1374 morte
809 1345 952 1375 nocentis.
999 1344 1084 1375 Nam
1106 1345 1225 1374 invenit
1240 1354 1309 1374 tere
1324 1353 1398 1373 novo
1413 1347 1532 1382 segetes
1547 1344 1696 1374 lactentes

232 1385 266 1415 in
281 1385 421 1415 mollibus
445 1386 536 1416 sulcis
549 1386 688 1416 inversas
701 1389 799 1415 rostro
819 1396 920 1426 porcae
943 1386 1092 1423 setiferae.
1138 1387 1240 1416 Porca
1252 1386 1442 1425 persolverat
1455 1395 1582 1425 poenus:
1605 1395 1696 1426 caper

232 1427 424 1467 tremesacte,
433 1429 570 1468 exemplo
581 1428 670 1467 hujus
682 1427 829 1458 debueras
843 1427 1026 1459 abstinuisse
1037 1428 1179 1468 palmite.

235 1473 298 1500 tem
315 1472 420 1501 dentes
443 1470 475 1500 in
502 1471 574 1509 rite,
591 1471 723 1510 protulit
748 1471 826 1501 talia
840 1471 931 1502 verba
946 1471 1050 1501 dolore
1065 1471 1192 1501 minime
1205 1473 1320 1501 secreto
1333 1480 1343 1499 .·

1227 1428 1325 1463 Quem
1337 1427 1449 1467 aliquis
1459 1428 1696 1469 cerneusfigen-

1369 1469 1457 1500 Rode
1471 1469 1579 1508 vitem,
1591 1479 1696 1510 caper,

233 1515 336 1542 tamen
351 1513 412 1543 erit
427 1513 473 1542 illi
494 1513 553 1543 eitz'
568 1515 646 1553 quod
654 1513 852 1553 possitfundz'
869 1514 899 1544 in
915 1516 969 1544 tua
991 1523 1116 1552 cornua,
1141 1515 1260 1554 quando
1279 1512 1379 1544 stabis
1393 1513 1434 1543 ud
1457 1513 1565 1543 altare.
1603 1512 1698 1544 Fides

234 1555 374 1594 sequitur
399 1556 507 1592 dictem
527 1555 624 1586 hostis
647 1556 791 1595 proclivis
805 1556 838 1586 in
852 1557 963 1587 damna
991 1560 1057 1597 tua,
1080 1556 1214 1594 Bacche,
1240 1555 1331 1587 habet
1355 1565 1471 1586 cornua
1493 1565 1600 1596 sparsa
1614 1565 1696 1586 mero

848 1635 965 1647 eeeeee

968 1635 1084 1647 ooooo

236 1691 300 1718 .50
323 1688 418 1719 Unus
444 1688 547 1719 Liber
573 1689 641 1719 Ult.
656 1689 741 1720 suis:
765 1696 802 1721 et
817 1690 912 1721 Voss.
931 1696 967 1722 et
984 1691 1062 1722 Pet.
1079 1690 1201 1720 merito.
1205 1691 1309 1719 —351
1335 1687 1457 1719 Heins-
1484 1696 1529 1717 ex
1553 1686 1700 1718 meliori-

239 1731 300 1761 bus
318 1730 410 1761 libris
425 1736 540 1762 monet
553 1731 645 1762 sulcis
659 1741 720 1772 pro
735 1732 834 1764 succis
849 1743 925 1764 esse
942 1733 1144 1774 legendum:
1171 1733 1286 1762 Burm.
1314 1740 1395 1761 vero
1423 1729 1567 1771 pr'aetert
1581 1730 1700 1767 succis,-

237 1783 301 1803 nec
328 1774 459 1812 spernit
485 1775 566 1805 lect.
595 1774 677 1806 Cod.
703 1774 785 1806 Jun.
805 1776 918 1815 primzs
941 1777 1013 1807 laet.
1038 1776 1146 1806 succis.
1150 1777 1256 1805 —352
1280 1774 1378 1805 Voss.
1396 1778 1431 1804 et
1448 1778 1519 1804 tres
1531 1772 1592 1803 alii
1605 1772 1700 1812 selig.

237 1816 371 1856 concipit
393 1826 428 1847 or
430 1819 546 1848 .—356
568 1816 667 1847 Dicta
681 1818 782 1848 dolore
797 1817 893 1855 refert
912 1819 998 1849 Laeti
1016 1823 1052 1849 et
1069 1823 1138 1848 tres
1161 1818 1237 1847 alii:
1261 1817 1347 1847 dicta
1363 1821 1498 1846 veteres
1521 1815 1698 1856 plerique3

240 1863 357 1889 recte:
382 1868 467 1893 nam
481 1859 571 1890 verba
596 1860 671 1889 clare
696 1859 761 1889 alio
789 1859 984 1899 significatu
1010 1859 1159 1891 dicitur:
1185 1860 1281 1896 digna
1305 1859 1392 1889 dedit
1414 1857 1547 1888 Arund.
1576 1861 1613 1888 et
1639 1867 1699 1888 sex

239 1901 306 1930 alii.
331 1901 443 1931 Heius.
446 1904 552 1932 —357
576 1901 655 1931 Pet.
672 1907 708 1932 et
725 1901 781 1932 alii
798 1907 944 1942 quatuor
959 1903 1009 1932 hic
1027 1911 1088 1941 pro
1104 1902 1193 1931 hinc.-
1218 1901 1338 1931 Heius.
1356 1909 1430 1930 cum
1455 1909 1520 1930 uno
1547 1899 1581 1930 F.
1612 1909 1699 1940 prae-

237 1941 304 1972 tert
320 1942 400 1974 huic.
403 1946 509 1974 —359
535 1943 626 1974 Olim
644 1943 814 1974 edebatur
830 1954 911 1974 noxa
927 1944 987 1975 tibi
1002 1944 1125 1974 debitus
1140 1943 1220 1973 host.
1243 1948 1278 1973 at
1294 1946 1365 1982 opt.
1384 1946 1467 1973 vett.
1491 1951 1600 1972 noxae..
1606 1942 1701 1973 Aedi-

239 1988 308 2014 tns:
331 1986 481 2016 nonnulii
497 1986 600 2016 etiam
617 1996 687 2017 mox
703 1989 731 2016 et
749 1985 818 2017 tibi.
821 1989 928 2017 —360
953 1987 980 2016 V
986 1987 1050 2027 ulg.
1060 1985 1192 2026 Spargit
1208 1988 1238 2016 et
1254 1984 1372 2026 effuso:
1388 1984 1538 2016 correxit
1554 1984 1700 2025 Neapol.

900 2073 1043 2105 NOTAE

285 2135 347 2162 348
385 2134 529 2174 Nullum]
565 2134 671 2165 Donis
701 2134 840 2176 quippe,
876 2146 942 2168 non

242 2183 401 2222 victimis,
425 2183 575 2214 Deorum
591 2183 740 2215 favorem
754 2185 817 2217 sibi
835 2188 945 2218 conci-

242 2234 325 2263 liare
342 2233 551 2264 nitebantur.

285 2286 348 2314 :³49
361 2283 483 2323 Por-cce]
495 2283 554 2314 Sus
564 2293 643 2315 vero
656 2295 675 2315 a
685 2284 811 2317 Graeco
825 2283 868 2325 ὗς,
878 2287 944 2325 σῦς,

241 2334 296 2362 vel
314 2333 375 2371 θῢς,
401 2334 490 2374 qnod
507 2334 677 2375 antiquius
701 2334 780 2374 fuit,
804 2346 821 2367 a
843 2338 945 2368 verbo

243 2382 336 2421 θύειν,
353 2383 440 2424 quod
462 2388 515 2414 est
529 2384 696 2425 immolare,
721 2386 797 2417 ideo
825 2387 948 2418 deduc-

243 2438 315 2463 tum
334 2433 547 2473 vocabulum,
566 2435 666 2475 quod,
692 2441 729 2467 nt
752 2438 861 2468 Varro
887 2438 948 2476 ait,

245 2493 264 2512 a
277 2483 373 2514 suillo
390 2492 513 2523 genere
527 2484 661 2524 pecoris
676 2485 870 2517 immolandi
885 2488 944 2518 ini-

244 2534 327 2563 tium
343 2538 489 2564 sumtum
507 2533 662 2565 videtur:
683 2536 775 2576 cujus
793 2537 946 2577 vestigia,

246 2582 336 2623 quod
360 2582 464 2614 initiis
492 2584 626 2615 Cereris
652 2585 745 2624 porci
773 2585 946 2617 immolan-

247 2639 315 2671 tur,
342 2639 377 2663 et
390 2633 482 2673 quod
499 2633 602 2664 initiis
619 2635 712 2674 pacis
735 2634 845 2666 foedus
869 2646 945 2666 cum

247 2684 381 2723 seritur,
396 2694 516 2724 porcus
531 2685 709 2725 occiditur,
725 2689 790 2718 διο.

291 2738 352 2765 350
373 2734 505 2774 Merita]
521 2735 609 2768 Quia
620 2736 757 2767 Cereris
769 2737 944 2768 inventum

999 2137 1114 2178 fruges
1141 2142 1250 2168 rostro
1276 2134 1432 2173 invertit,
1457 2133 1611 2175 adeoque
1626 2143 1704 2175 per·

1000 2187 1062 2219 dit.

1043 2241 1104 2269 351
1133 2236 1313 2277 Lae-tentia]
1342 2235 1515 2266 Videntur
1543 2243 1624 2266 vero
1651 2238 1701 2266 te-

999 2289 1098 2318 nellae
1115 2292 1251 2328 segetes
1276 2291 1376 2317 terrae
1393 2286 1567 2316 humorem
1581 2284 1701 2316 eodem

1001 2338 1101 2369 modo
1133 2347 1254 2379 sugere
1284 2346 1349 2378 quo
1378 2335 1530 2367 infantes
1557 2339 1702 2367 matrum

1000 2388 1131 2418 siccant
1145 2387 1260 2418 ubera.

1042 2441 1104 2469 353
1133 2435 1290 2476 Dederat]
1314 2436 1437 2476 Neque
1454 2444 1535 2466 vero
1558 2439 1627 2466 tam
1643 2435 1705 2467 im-

1000 2489 1112 2530 perite
1129 2487 1266 2519 Etbnici
1282 2496 1357 2528 quae
1373 2486 1494 2527 cuique
1511 2487 1588 2517 Deo
1610 2496 1705 2518 max-

1001 2540 1067 2570 ime
1083 2537 1257 2569 contraria
1281 2545 1407 2577 pecora
1432 2535 1621 2567 credebant
1643 2537 1705 2569 im-

1001 2590 1099 2629 pigre
1139 2587 1349 2618 mactabant.
1405 2586 1512 2617 Immo
1552 2591 1589 2618 et
1624 2587 1704 2620 inde

1000 2638 1089 2669 haud
1106 2647 1276 2678 quaquam
1293 2642 1422 2668 temere
1439 2637 1566 2679 aliquid
1579 2637 1614 2670 in
1626 2647 1704 2670 usus

1001 2691 1074 2718 tuos
1091 2686 1290 2727 expisceris.

1043 2740 1104 2769 354
1129 2736 1305 2778 Debueras]
1328 2736 1431 2779 Quia,
1455 2737 1531 2771 scil.
1561 2738 1701 2771 Baccho
