1773 3121
176 229 289 269 1862

661 241 701 270 P.
733 238 891 270 OVIDH
926 237 1139 269 NASONIS

179 333 406 376 Fratribus
422 334 499 375 illa
520 334 631 375 Deis
650 334 805 377 fratres
823 335 877 376 de
900 338 1023 388 gente
1041 335 1234 376 Deorum

236 401 365 442 Circa
385 402 414 443 J
418 406 590 442 uturnae
612 415 895 456 composuere
913 403 1054 444 lacus.

178 467 336 510 IPSUM
361 482 442 509 nos
464 481 637 509 carmen
656 468 833 511 deducit
854 471 988 512 Pacis
1009 470 1064 511 ad
1085 481 1216 510 aram.

234 536 352 577 Haec
373 537 452 577 erit
471 548 497 576 a
517 537 679 578 mensis
701 537 786 579 fine
808 537 1007 580 secunda
1025 537 1135 578 dies.

1545 534 1630 576 710

178 603 425 645 Frondibus
453 602 653 645 Actiacis
673 610 841 647 comtos
861 604 1061 646 redimita
1081 603 1287 657 capillos,

234 672 334 712 Pax
356 671 486 723 ades3
517 675 559 713 et
578 676 670 713 toto
691 673 808 714 mitis
828 674 874 714 in
892 673 997 713 orbe
1018 684 1160 712 mane.

177 738 294 779 Dum
315 739 473 780 desunt
491 738 650 789 hostes,
673 739 787 781 desit
808 751 985 792 quoque
1006 751 1145 779 causa
1166 736 1382 791 triumphi.

231 805 302 846 Tu
326 806 515 847 ducibus
532 807 646 846 bello
668 807 808 858 gloria
826 806 965 858 major
985 805 1082 844 eris.

176 871 283 912 Sola
303 875 422 925 gerat
442 872 582 920 miles,
605 872 763 924 quibus
785 883 905 910 arma
924 868 1139 917 coerceat,
1161 882 1279 909 arma
1298 883 1307 910 :

1548 869 1633 911 715

234 937 528 991 Canteturque
548 938 653 987 fera,
675 938 737 978 nil
755 936 841 977 nisi
862 948 1041 990 pompa,
1064 936 1185 976 tuba.

178 1004 371 1045 Horreat
396 1004 620 1045 AEneadas
641 1008 684 1044 et
701 1004 867 1058 primus
887 1007 928 1044 et
946 1002 1126 1043 ultimus
1146 1000 1264 1043 orbis
1282 1016 1290 1043 :

236 1072 283 1112 Si
305 1085 394 1126 qua
415 1085 569 1125 parum
593 1071 783 1113 Romam
802 1073 918 1111 terra
940 1070 1129 1120 timebit,
1149 1072 1277 1110 amet.

181 1198 315 1228 Ledaeis.
362 1197 491 1228 Fratres
519 1198 556 1227 de
571 1197 668 1236 stirpe
683 1197 823 1228 Deorum
837 1199 1013 1227 statuerunt
1032 1197 1086 1227 illa
1098 1197 1172 1227 Diis
1183 1196 1342 1234 fratribus
1356 1196 1438 1227 circa
1451 1198 1564 1235 stagna
1579 1196 1637 1227 Ju-

179 1244 292 1270 iurnae.

382 1240 487 1279 Ipsum
503 1249 625 1269 carmen
639 1239 762 1269 deducit
783 1248 838 1268 nos
855 1240 895 1269 ad
917 1240 1017 1269 altare
1039 1240 1143 1270 Pacis.

1189 1238 1270 1269 Haec
1290 1239 1356 1269 dies
1378 1239 1439 1269 erit
1452 1239 1582 1269 secunda
1597 1238 1635 1275 ab

181 1282 269 1312 exitu
285 1283 406 1312 mensis.
452 1282 525 1311 Pax
540 1282 624 1319 ades,
639 1281 751 1311 habens
766 1281 865 1311 crines
880 1285 1037 1311 coronatos
1044 1280 1210 1319 frondibus
1225 1281 1365 1311 Actiacis
1374 1290 1386 1316 ;
1409 1283 1439 1311 et
1451 1281 1532 1311 alma
1546 1290 1635 1311 mane

177 1327 210 1353 ἰἰι
226 1327 291 1354 toto
307 1324 388 1355 orbe.

431 1324 517 1354 Dum
546 1325 654 1354 desunt
678 1323 789 1360 hostes,
809 1333 902 1354 causa
932 1324 1027 1354 etiam
1054 1322 1206 1363 triumphi
1235 1323 1326 1353 desit.
1377 1322 1426 1353 Tu
1451 1322 1513 1353 eris
1534 1323 1637 1361 gloria

180 1367 277 1404 major
305 1366 431 1396 ducibus
453 1375 543 1405 quam
570 1365 692 1396 bellum.
737 1366 832 1396 Miles
857 1369 971 1396 tractet
986 1366 1049 1396 sola
1064 1376 1150 1396 arma
1166 1364 1276 1404 quibus
1303 1364 1451 1405 reprimat
1471 1375 1581 1395 arma:
1604 1368 1636 1395 et

179 1409 258 1438 nihil
280 1411 408 1439 canatur
432 1417 525 1438 rauca
550 1407 624 1438 tuba
649 1408 710 1437 nisi
735 1417 857 1447 pompa.
904 1408 1015 1437 Prima
1037 1412 1067 1438 et
1090 1409 1199 1438 ultima
1226 1417 1301 1446 pars
1325 1407 1433 1438 mundi
1454 1405 1636 1444 reformidet

180 1451 357 1481 AEneadas:
379 1450 408 1480 si
430 1460 490 1489 qua
514 1450 605 1480 tellus
628 1459 738 1490 parum
764 1453 880 1479 metuat
912 1450 1055 1488 Romam,
1080 1459 1155 1479 eam
1182 1449 1309 1488 diligat.
1353 1449 1534 1481 Sacerdotes
1556 1458 1637 1490 pra>-

789 1532 1025 1544 eeeeeeeeeeee

181 1591 285 1618 Β-707
311 1588 392 1618 Deis
404 1597 446 1618 ex
462 1587 599 1628 scriptis
614 1588 782 1628 plerisque
798 1587 913 1627 placet
931 1587 1052 1618 Heius.
1069 1597 1137 1627 prae
1153 1587 1243 1627 vulg.
1259 1586 1443 1618 ἀίω-709
1466 1587 1520 1618 Fr.
1535 1586 1639 1619 habet

181 1642 232 1660 ros
257 1640 317 1671 pro
333 1640 398 1661 nos.
422 1630 510 1660 Dein
544 1631 657 1670 plures
676 1630 732 1661 alii
758 1640 852 1661 carm.
867 1630 1016 1661 deduxit:
1043 1631 1104 1661 Be.
1133 1630 1292 1670 produxit.
1316 1630 1401 1661 Mox
1425 1640 1513 1661 aram
1528 1634 1582 1661 est
1593 1640 1637 1661 ex

182 1674 223 1702 Y.
244 1673 350 1704 tribus
368 1677 402 1703 et
432 1673 571 1711 Ursini;
596 1673 687 1713 vulg.
715 1673 804 1703 enim
835 1672 1014 1710 legebatur
1036 1675 1225 1703 aras—711
1252 1671 1319 1703 Alii
1337 1671 1475 1703 Actoeis:
1499 1673 1635 1713 plurimi

183 1717 286 1747 etiam
302 1725 393 1746 canos
411 1725 470 1755 pro
484 1720 619 1746 comtos:
641 1721 676 1746 et
690 1717 747 1747 Fr.
764 1715 908 1746 redimite
923 1715 1136 1755 caput—713
1160 1715 1279 1746 Desunt
1296 1724 1338 1746 ex
1354 1714 1490 1755 optimis
1502 1715 1638 1756 scriptis

182 1763 218 1789 et
235 1757 335 1789 editis
364 1758 517 1789 restituit
547 1759 662 1789 Burin.
688 1768 749 1799 pro
767 1758 855 1798 vulg.
883 1758 1102 1789 desint.—7l4
1128 1758 1214 1788 Maz.
1243 1757 1312 1788 bell.
1340 1757 1448 1796 gratia
1472 1757 1545 1796 mqy’.
1568 1757 1637 1790 Alii

182 1800 285 1831 etiam
311 1800 384 1839 maj.
415 1802 603 1832 ades—715
628 1802 793 1841 Excerpt.
822 1800 1013 1831 Kloekhov.
1040 1801 1105 1831 mil.
1121 1810 1187 1840 quoe
1203 1800 1279 1831 bella
1295 1801 1389 1832 caere.
1418 1801 1502 1831 Mox
1518 1801 1551 1831 in
1567 1800 1638 1841 qui-

182 1842 324 1875 busdam
353 1843 446 1874 libris
473 1844 606 1874 excusis
623 1843 750 1884 legitur
775 1843 858 1883 quib.
885 1853 963 1874 arm.
993 1843 1088 1874 coerc.
1115 1843 1331 1875 hostes.-718
1354 1843 1443 1875 Mor.
1469 1842 1560 1874 turba
1575 1852 1637 1884 pro

837 1955 981 1986 NOTAE

223 2038 287 2066 707
311 2035 385 2075 Illa]
408 2035 562 2076 Templa,
576 2036 647 2067 scil.

225 2086 371 2125 Fratres]
414 2086 544 2116 Drusus
567 2090 603 2116 et
638 2084 809 2123 Tiberius,
838 2093 880 2115 ex

184 2139 286 2177 gente
304 2135 456 2165 Deorum
474 2144 533 2165 seu
548 2134 732 2165 Caesarum.

225 2188 288 2217 708
312 2185 405 2215 Circa
423 2185 586 2225 Juturnae]
607 2184 647 2214 In
665 2184 803 2223 regione
818 2183 881 2214 Ur-

181 2236 235 2267 bis
263 2240 382 2266 octava
410 2233 476 2265 fuit
500 2234 564 2265 hoc
592 2234 769 2274 templum,
792 2234 881 2274 quod

181 2285 336 2317 Tiberius
353 2294 411 2315 suo
436 2288 472 2314 et
497 2282 612 2314 fratris
635 2283 769 2314 nomine
787 2283 881 2314 dedi-

182 2336 286 2368 cavit.

225 2388 288 2416 709
314 2383 458 2424 Carmen]
481 2383 647 2415 Carminis
660 2383 747 2415 ratio
763 2384 881 2415 Fastos

185 2434 354 2476 digerens.

225 2483 339 2523 Aram]
362 2483 437 2516 Quo
464 2483 496 2513 in
520 2484 595 2514 loco
612 2483 715 2514 fuerit
737 2484 807 2514 haec
824 2493 882 2514 ara

183 2543 250 2565 nou
285 2537 433 2565 constat.
509 2533 882 2575 Magnificentissimum

184 2584 349 2624 templum
387 2588 507 2624 postea
533 2584 761 2623 Vespasianus
800 2584 883 2614 Paci

183 2635 344 2673 absolvit,
359 2635 445 2676 quod
461 2644 480 2666 a
496 2634 637 2665 Claudio
654 2635 840 2674 inceptum.

227 2688 291 2717 710
308 2684 404 2725 Haec]
417 2685 518 2716 Sacra
531 2694 608 2725 ergo
623 2684 664 2716 ad
677 2685 778 2716 Pacis
792 2694 883 2716 aram

187 2739 238 2767 30.
252 2736 405 2768 Januarii
421 2735 684 2776 peragebantur.

230 2789 290 2816 711
315 2786 469 2827 Actiacis]
494 2786 595 2819 Pacis
618 2786 726 2817 oleam
752 2785 883 2825 insigne

937 2044 1012 2066 esse
1024 2044 1139 2066 omues
1157 2034 1278 2074 sciunt,
1293 2044 1358 2076 quo
1373 2043 1512 2066 munere
1537 2033 1639 2066 Athe-

936 2094 994 2116 nas
1024 2092 1125 2126 atque
1166 2085 1251 2116 adeo
1284 2084 1437 2116 Atticam
1469 2084 1638 2126 regionem

937 2136 1053 2166 Pallas
1075 2136 1207 2167 ditavit.
1253 2135 1300 2166 At
1316 2145 1398 2166 vero
1422 2135 1546 2174 Poeta,
1569 2135 1640 2166 Au-

937 2190 1045 2224 gustae
1064 2185 1178 2216 domui
1196 2184 1328 2223 favens,
1344 2194 1410 2216 non
1427 2185 1556 2224 Actoeis,
1578 2184 1640 2216 sed

937 2235 1088 2273 Actiacis,
1106 2234 1283 2266 frondibus
1310 2235 1438 2266 Pacem
1456 2236 1528 2266 vult
1544 2244 1639 2266 coro-

935 2284 1090 2323 nandam,
1110 2285 1151 2315 ad
1177 2285 1356 2315 victoriam
1374 2285 1464 2316 illam
1488 2284 1639 2316 celeber-

936 2335 1053 2365 rimam
1068 2334 1220 2365 alludens
1237 2335 1394 2379 quamgad
1406 2334 1544 2366 Actium
1560 2344 1639 2376 pro-

936 2385 1137 2416 montorium
1154 2385 1249 2424 Epiri
1266 2384 1441 2425 Augustus
1464 2385 1506 2415 de
1529 2385 1639 2416 Anto-

936 2436 991 2466 nio
1019 2435 1229 2475 reportavit:
1269 2445 1372 2475 quare
1395 2444 1506 2475 neque
1530 2435 1637 2465 multo

938 2493 1015 2526 post
1030 2485 1166 2522 Janum,
1184 2485 1314 2524 signum
1333 2484 1444 2523 Pacis,
1461 2485 1593 2515 clausit.

979 2538 1041 2567 714
1069 2535 1131 2574 Tu]
1154 2535 1307 2572 Scilicet,
1325 2535 1449 2565 Pacem
1465 2535 1552 2565 tueri
1570 2544 1639 2566 om·

937 2587 970 2617 ni
989 2585 1157 2625 triumpho
1173 2589 1224 2614 est
1238 2584 1360 2624 majus.
1392 2584 1490 2617 Quod
1508 2585 1638 2616 utinam

937 2640 1074 2676 possent
1090 2644 1204 2665 omnes
1221 2634 1303 2665 satis
1320 2635 1525 2674 intelligere.

979 2688 1041 2715 715
1075 2685 1176 2716 Arma
1198 2683 1350 2724 coerceat]
1400 2684 1456 2723 Vi,
1492 2695 1639 2727 namque

939 2735 1075 2777 publice
1096 2735 1163 2766 vim
1186 2734 1268 2766 licet
1293 2735 1484 2775 repellere3
1505 2735 1639 2776 justum

940 2785 1065 2817 bellum
1089 2785 1210 2827 quibus
1235 2785 1483 2825 necessarimm
1517 2789 1553 2818 et
1581 2785 1639 2827 pia
