1773 3121
606 223 829 256 FASTORU
838 225 872 253 M
907 225 1002 255 MR.
1037 226 1088 257 ΙΙ.

1462 219 1574 263 1877

113 318 181 360 Τυ
203 319 333 360 breve
351 319 500 360 nescio
522 316 629 370 quid
648 317 782 358 victae
801 317 970 359 telluris
991 319 1210 364 habebas:

172 385 495 438 Quodcumque
514 385 579 423 est
599 382 687 425 alto
706 384 789 425 sub
810 383 943 435 Jove,
965 384 1117 428 Caesar
1133 388 1284 430 habet.

112 451 182 493 Tu
202 455 341 507 rapis,
362 452 431 492 hic
452 453 601 492 castas
622 450 735 491 duce
756 464 802 492 se
816 451 943 506 jubet
962 466 1060 495 esse
1081 456 1276 497 maritas.

168 519 239 561 Tu
259 519 418 573 recipis
438 519 554 567 luco,
577 523 826 560 summovet
842 520 916 560 ille
937 520 1073 563 nefas.

1490 522 1574 565 140

111 586 196 628 Vis
215 587 293 628 tibi
313 590 436 639 grata
454 585 561 627 fuit:
593 585 745 627 florent
766 588 848 628 sub
871 588 1050 630 Caesare
1070 589 1210 643 leges.

166 654 235 695 Tu
256 654 436 695 Domini
455 666 628 703 nomen,
651 653 874 708 Principis
895 655 969 697 ille
988 658 1121 698 tenet.

109 721 174 762 Te
194 720 366 762 Remus
386 722 584 774 incusat3
615 723 789 764 veniam
809 723 931 765 dedit
950 724 1150 766 hostibus
1172 724 1259 766 ille.

165 786 400 830 Coelestem
419 788 524 830 fecit
544 793 586 830 te
606 789 765 841 Pater3
796 790 873 831 ille
895 791 1090 833 Patrem.

106 854 136 896 J
141 865 211 896 ΑΜ
233 869 343 909 puer
359 856 512 899 Idaeus
532 857 683 899 media
701 863 829 899 tenus
849 859 1008 900 eminet
1027 860 1154 901 alvo:

1487 858 1573 900 145

164 922 223 965 Et
241 923 435 978 liquidas
453 925 595 966 mixto
615 929 791 966 nectare
809 925 954 967 fundit
974 938 1127 980 aqu-as.

106 1053 187 1084 latus
201 1053 286 1086 Solis
299 1057 344 1085 eut
363 1055 546 1087 Romanum.
593 1055 640 1086 Tu
654 1055 786 1086 habebas
799 1056 901 1087 nescio
915 1056 990 1096 quid
1005 1056 1154 1093 exiguum
1174 1056 1270 1085 terrae
1283 1052 1438 1084 subactae:
1463 1052 1573 1084 Caesor

106 1096 225 1128 obtinet
239 1098 384 1138 quicquid
404 1102 450 1129 est
464 1098 519 1128 sub
533 1097 613 1128 Jove
628 1097 757 1129 excelso.

805 1098 854 1129 'na
869 1099 966 1138 rapis,
981 1098 1031 1128 hic
1045 1098 1177 1138 imperat
1190 1100 1304 1136 nuptas
1318 1105 1384 1127 esse
1395 1095 1527 1136 pudicas
1539 1105 1572 1126 se

109 1138 208 1170 Duce.
256 1141 305 1171 Tu
319 1141 432 1180 recipis
444 1140 612 1180 flagitium
627 1142 709 1178 luco,
734 1140 787 1170 iue
806 1143 903 1170 arcet.
955 1140 1011 1171 Vis
1024 1140 1094 1177 fuit
1109 1140 1168 1170 tibi
1183 1142 1330 1179 παρίω·
1352 1139 1434 1177 leges
1450 1137 1572 1178 florent

103 1181 160 1212 sub
176 1182 310 1214 Coesare.
358 1183 405 1214 Tu
423 1183 516 1213 habes
536 1191 646 1213 nomen
670 1182 813 1220 Domini,
836 1182 889 1213 ille
906 1182 1075 1222 Principis.
1120 1181 1237 1211 Remus
1251 1180 1361 1218 arguit
1377 1184 1431 1216 te,·
1452 1180 1506 1211 ille
1518 1189 1573 1219 pe·

101 1225 203 1263 percit
222 1225 370 1256 hostibus.
418 1226 517 1255 Pater
531 1224 614 1262 fecit
631 1227 661 1255 te
676 1224 803 1261 Deum,·
823 1224 878 1255 ille
896 1224 1036 1255 Patrem.
1039 1224 1202 1254 ——Jam
1221 1232 1302 1262 puer
1318 1222 1422 1253 ldaeus
1440 1225 1573 1262 apparet

105 1276 197 1307 usque
212 1268 253 1298 ad
265 1267 399 1298 medium
413 1270 571 1298 ventrem:
594 1269 625 1297 et
633 1266 745 1305 fundit
760 1276 857 1308 aquas
871 1267 963 1298 misto
978 1269 1113 1298 nectare.
1161 1266 1241 1297 Ecce
1257 1265 1363 1306 etium,
1378 1265 1407 1296 si
1419 1264 1487 1306 quis
1501 1274 1571 1296 con-

715 1349 954 1362 eeeeeeeeeee

101 1403 210 1437 liber:
243 1405 367 1438 Heius.
391 1405 480 1446 conj.
504 1406 550 1438 D.
577 1406 678 1438 Roma
701 1409 790 1438 tuum
813 1405 959 1439 S.—138
982 1405 1115 1438 Thuan.
1142 1408 1178 1436 et
1198 1405 1284 1436 alius
1311 1404 1374 1436 lato
1398 1413 1461 1444 pro
1487 1403 1571 1439 alto;

102 1447 192 1480 unde
219 1447 340 1481 Heius.
363 1449 452 1489 conj.
482 1449 587 1481 Latio.
589 1452 697 1481 -139
719 1449 779 1481 Fr.
804 1449 834 1480 is
859 1459 922 1490 pro
949 1449 1020 1480 hic.-
1047 1453 1084 1480 et
1111 1453 1182 1480 tres
1200 1447 1318 1478 Heins.
1341 1446 1422 1477 libri
1436 1445 1491 1477 sub
1507 1455 1570 1487 pro

102 1490 187 1522 duce.
233 1490 281 1523 At
305 1501 390 1523 unus
417 1492 459 1524 R.
484 1496 562 1524 cast.
599 1493 714 1524 Consul
726 1491 799 1532 jub.
800 1494 908 1523 —140
931 1492 1000 1523 Alii
1017 1492 1076 1524 luc.
1101 1490 1215 1532 repulit
1236 1490 1392 1521 ila—1⁴3
1416 1489 1510 1520 Maz.
1527 1489 1569 1520 R.

760 1596 908 1630 No'rAE

148 1679 207 1709 135
235 1676 359 1717 Tatius]
390 1677 539 1718 Regulus
555 1677 771 1708 Sabinorum.

148 1729 260 1770 Cures]
292 1728 493 1759 Sabinorum
511 1727 722 1768 oppidulum.

147 1779 293 1819 Coem'no]
323 1779 411 1810 Latii
428 1778 529 1809 etiam
546 1777 721 1818 oppidum.

147 1832 208 1862 1³6
233 1829 317 1869 Hoc]
348 1829 520 1869 Augusto,
537 1828 680 1858 scilicet.

148 1878 336 1920 Utrumque]
360 1879 485 1910 Oriens
499 1883 602 1918 atque
621 1875 806 1908 Occidens.

144 1933 206 1962 1³7
230 1929 343 1961 Nescio
366 1927 455 1969 quid]
497 1928 568 1959 Per
594 1930 805 1958 contemtum

99 1982 198 2015 dicit.
219 1982 287 2014 Vix
300 1982 390 2013 enim
407 1981 450 2012 ad
463 1980 632 2012 decimum
645 1983 807 2010 octavum

99 2032 246 2074 lapidem
275 2032 417 2073 protulit
437 2031 619 2073 imperium
644 2039 740 2062 suum
764 2029 806 2061 ab

101 2083 195 2116 Urbe
214 2083 393 2115 Romulus.

143 2136 204 2166 1³8
228 2133 462 2174 Quodcumque]
502 2130 722 2163 Pedetentim
754 2135 804 2163 ta-

98 2193 190 2224 men,
206 2185 320 2222 Naso;
344 2184 406 2214 nisi
424 2187 458 2214 te
476 2182 571 2214 furor
587 2181 724 2224 abripit.

143 2238 206 2268 139
231 2234 345 2276 Rapis]
373 2234 573 2266 Sabinarum
591 2238 730 2274 raptum
745 2243 804 2264 ex-

97 2285 241 2328 probrat
269 2286 410 2317 Romulo
434 2284 685 2325 elegantissima
707 2284 806 2316 Anti-

97 2336 198 2378 theni,
225 2346 368 2379 qumque
399 2336 546 2367 maxime
583 2335 625 2366 ad
658 2334 806 2376 Augusti

98 2388 232 2421 laudem
249 2389 343 2421 facit.

139 2440 250 2482 Jubet]
280 2442 438 2483 Namque
466 2440 508 2472 ad
533 2440 744 2472 cofircendou
772 2450 805 2471 a·

98 2490 249 2524 daueros
267 2498 371 2524 antea
384 2497 536 2534 paratam
549 2492 677 2525 Juliam
694 2492 804 2533 legem

99 2541 313 2579 immutavit,
334 2548 368 2574 et
387 2553 490 2574 novas
507 2543 632 2575 sanxit.

144 2594 205 2624 no
226 2593 325 2634 Luco]
363 2593 503 2635 Asylum
521 2594 554 2624 in
572 2604 612 2624 eo
630 2592 714 2624 fecit
740 2593 805 2624 Ro-

101 2641 222 2682 nmlm,
236 2653 301 2684 quo
323 2644 458 2674 scelesti
477 2643 626 2684 undique
648 2643 690 2674 ad
709 2653 803 2674 noxae

103 2689 206 2721 Urbi·
221 2694 500 2725 con-titutionem
517 2705 552 2725 se
571 2699 786 2735 receperunt.

143 2738 335 2782 &amq
349 2743 438 2776 Quia
447 2744 489 2775 ab
502 2744 660 2785 Augusto
672 2755 804 2788 repres-

104 2791 144 2832 si,
161 2789 282 2833 fugati,
296 2796 356 2825 tut
370 2794 474 2826 occini
488 2796 638 2829 necle-ti.

905 1681 969 1710 142
993 1677 1142 1718 Domini]
1172 1676 1271 1710 Quod
1288 1680 1326 1708 ut
1346 1675 1570 1709 maledictum

862 1734 899 1760 et
915 1729 1138 1770 opprobrium
1155 1727 1331 1768 Augustus
1355 1736 1491 1768 semper
1510 1737 1569 1759 ex·

862 1779 1007 1819 horruit,
1045 1783 1134 1810 teste
1163 1777 1340 1810 Suetonio.
1397 1777 1447 1808 At
1476 1778 1569 1809 enim

862 1830 964 1861 hodie
987 1829 1132 1861 audacia
1147 1839 1208 1860 sua
1230 1833 1266 1860 et
1282 1827 1446 1869 superbia
1460 1826 1570 1860 fretos

863 1880 1050 1911 nebulones
1072 1879 1224 1920 quotidie
1248 1879 1379 1918 videas,
1403 1878 1459 1920 qui
1485 1877 1570 1910 nihil

863 1930 1043 1971 quicquam
1070 1929 1236 1960 industria
1257 1938 1318 1959 sua
1343 1938 1420 1960 cum
1447 1937 1569 1969 parare

861 1980 982 2020 velint,
999 1979 1032 2010 in
1046 1988 1162 2011 omnes
1184 1979 1291 2010 bonos
1315 1978 1500 2010 dominium
1519 1978 1568 2010 af-

860 2029 1006 2062 fectant.
1050 2029 1151 2062 Quod
1165 2038 1271 2069 genus
1283 2028 1488 2069 sacrilegum
1504 2029 1570 2059 uti·

859 2091 938 2113 nam
962 2081 1083 2123 aliquis
1110 2080 1257 2121 denique
1283 2079 1326 2110 ad
1355 2078 1510 2110 triremes
1533 2079 1566 2110 iu

861 2136 1029 2164 aetemum
1045 2131 1250 2172 alligaverit.

903 2185 964 2215 143
998 2181 1141 2222 Incusat]
1188 2181 1278 2214 Quia
1309 2179 1494 2222 nequidem
1532 2179 1567 2211 in

858 2232 1001 2266 fratrem
1017 2233 1114 2265 lenis.
1130 2244 1136 2259 ο

903 2283 1071 2325 Hostibus]
1099 2283 1268 2325 Exempla
1283 2283 1355 2324 ejus
1367 2281 1416 2314 rei
1429 2285 1510 2323 pete
1523 2290 1566 2312 ex

858 2335 1073 2377 Tranquillo.

904 2390 965 2420 144
989 2386 1104 2428 Pater]
1137 2387 1251 2424 Maru
1282 2385 1377 2427 cujus
1402 2385 1564 2417 Romulus

858 2438 1010 2470 creditus
1023 2437 1124 2469 filius.

902 2489 1049 2530 Patrem]
1088 2489 1110 2522 J
1116 2489 1218 2520 ulium
1249 2488 1438 2526 θᾶσαι-επις
1464 2496 1565 2528 quem

860 2551 923 2583 pro
938 2542 1016 2573 Deo
1031 2540 1097 2572 coli
1112 2540 1218 2572 voluit
1238 2538 1414 2579 Augustus
1431 2538 1565 2578 adopti-

859 2603 923 2624 one
939 2592 1014 2633 ejus
1030 2590 1132 2623 filius.

906 2646 965 2676 145
996 2642 1098 2683 Puer]
1114 2640 1346 2683 Ganymedes,
1359 2638 1503 2675 scilicet,
1518 2637 1562 2667 de

860 2694 1006 2737 quojnm
1020 2703 1137 2735 supra,
1149 2692 1192 2724 ab
1206 2691 1267 2723 Ida
1281 2687 1436 2728 Plirygiae
1449 2690 1564 2718 monte

858 2746 972 2778 dictus
987 2745 1112 2776 ldaeus.
1145 2743 1247 2774 Hunc
1261 2750 1340 2771 vero
1352 2739 1448 2770 Troi-
1458 2738 1562 2770 filium

858 2795 893 2827 iu
911 2795 1099 2838 Aquarium
1114 2796 1283 2826 mutatum
1307 2789 1388 2822 nihil
1404 2799 1489 2833 opus
1509 2795 1562 2822 ent
