1773 3121
172 251 287 293 1958
663 262 704 291 P.
737 259 893 290 ovmu
926 258 1140 290 NAsoms

175 356 395 409 Tempora
409 354 505 407 jure
528 353 675 394 colunt
698 353 835 395 Latiae
857 352 1064 394 foecunda
1083 355 1313 407 parentes:

234 421 430 472 Quarum
450 421 652 462 militiam
675 427 862 474 votaque
885 427 1037 474 partus
1056 421 1197 460 habet.

178 489 322 538 Adde,
346 489 462 542 quod
484 490 694 529 excubias
718 489 826 541 Regi
850 488 1078 529 Romanus
1097 489 1266 539 agebat,
1544 485 1630 526 245

235 555 340 605 Qua
356 569 469 596 nunc
491 556 714 609 Esquilias
735 557 909 597 nomina
930 556 1056 596 collis
1077 555 1226 595 habet⁰

178 622 275 663 Illic
298 635 325 663 a
343 624 520 664 nuribus
543 624 571 664 J
575 625 707 664 unoni
731 625 895 677 templa
917 624 1089 664 Latinis

238 689 342 730 Hac
365 695 480 739 sunt,
503 692 539 731 si
559 693 749 741 memini,
777 693 956 745 publica
975 691 1093 731 facta
1116 690 1203 730 die.

181 756 301 806 Quid
322 771 477 806 moror,
502 762 543 797 et
563 759 694 798 variis
716 772 849 798 onero
871 764 950 798 tua
971 762 1148 811 pectora
1166 756 1313 797 causis
1326 756 1345 795 'l

238 824 410 864 Eminet
430 828 529 864 ante
551 825 717 870 oculos,
742 825 858 876 quod
881 825 1010 876 petis,
1026 837 1129 863 ecce
1148 828 1259 865 tuos.
1547 822 1631 863 250

181 890 327 931 Mater
348 895 467 931 amat
486 896 646 943 nuptas
665 905 673 930 :
706 891 855 930 matris
875 903 944 929 me
966 891 1093 929 turba
1113 889 1398 942 frequentant.

239 957 355 998 Haec
375 971 455 998 nos
477 958 701 1010 praecipue
724 961 814 997 tam
835 957 911 1010 pia
932 969 1067 997 causa
1088 956 1230 996 decet.

184 1023 311 1064 Ferte
332 1024 445 1064 Deae
466 1025 596 1064 flores
615 1038 624 1064 :
657 1024 818 1076 gaudet
835 1023 1088 1064 florentibus
1107 1022 1256 1062 herbis

240 1090 355 1131 Haec
379 1091 501 1132 Dea:
536 1091 590 1131 de
611 1095 755 1131 tenero
777 1090 934 1142 cingite
954 1090 1060 1131 flore
1082 1093 1233 1143 caput.

185 1228 264 1249 mum
280 1222 309 1249 et
327 1220 421 1248 larem
437 1219 469 1249 z'n
478 1219 603 1256 fronde.
650 1220 772 1250 Matres
787 1220 910 1251 Latince
925 1221 1034 1250 merito
1045 1220 1199 1251 celebrant
1214 1223 1349 1260 tempora
1355 1220 1494 1260 fertilia,
1509 1230 1639 1261 quarum

180 1264 290 1301 partus
296 1260 380 1298 facit
397 1261 539 1291 militiam
554 1265 582 1290 et
597 1262 761 1292 desideria.
805 1263 895 1292 Adde
910 1264 989 1301 quod
1010 1263 1141 1292 Romani
1162 1262 1294 1300 agebant
1310 1262 1454 1294 excubias
1470 1263 1564 1302 Regi,
1579 1273 1638 1303 qua

185 1313 270 1333 mons
294 1302 383 1333 habet
407 1313 487 1333 nunc
502 1313 609 1333 nomen
634 1304 798 1344 Esquilias.
846 1304 919 1334 Illic
945 1306 1025 1335 aedes
1047 1305 1171 1344 publica
1194 1304 1296 1344 posita
1320 1305 1438 1335 Junoni
1453 1315 1472 1335 α
1487 1305 1639 1335 matronis

184 1345 308 1376 Latinis
323 1345 379 1375 hac
399 1345 459 1383 die,
484 1346 511 1375 si
526 1347 679 1376 recordor.
727 1346 929 1380 Quamobrem
955 1356 1048 1384 cesso,
1075 1350 1107 1377 et
1131 1356 1221 1377 onero
1249 1350 1333 1377 tuum
1356 1347 1493 1377 animam
1508 1347 1639 1377 «liversis

186 1386 379 1419 rationibus?
425 1388 504 1417 Ecce
530 1389 609 1427 quod
629 1389 768 1427 postulas
790 1392 878 1418 extat
901 1399 967 1428 prce
991 1389 1086 1419 oculis
1109 1390 1180 1419 tuis.
1228 1389 1334 1419 Mater
1359 1389 1466 1427 diligit
1484 1389 1639 1425 maritas;

185 1440 296 1469 agmen
318 1430 428 1459 matris
442 1439 489 1459 me
506 1429 670 1459 celebrant.
717 1430 796 1460 Ηαέ
820 1440 910 1460 causa
933 1434 996 1460 tam
1024 1432 1076 1469 pia
1101 1441 1155 1460 nos
1180 1432 1264 1460 decet
1292 1431 1324 1461 in
1348 1431 1468 1470 primis.
1515 1430 1639 1471 Offerte

177 1473 277 1512 flores
292 1473 387 1502 Deae:
409 1471 473 1501 hoec
489 1472 560 1501 Dea
576 1472 701 1502 laetatm·
715 1471 818 1502 herbis
833 1472 1044 1512 florentibus.-
1066 1473 1208 1502 redimite
1223 1476 1313 1512 caput
1321 1472 1403 1513 flore
1419 1477 1533 1504 tenero.
1578 1473 1640 1503 Di-

1009 1555 1028 1566 φ·

187 1612 334 1641 Strozzae
357 1612 483 1651 laremq.
507 1613 737 1650 parant—245
761 1610 816 1642 Sic
834 1611 955 1642 Heins.
973 1620 1059 1641 corr.
1074 1619 1149 1640 narn
1165 1611 1255 1650 vulg.
1279 1610 1446 1641 edebatur
1466 1609 1572 1641 excub.
1590 1609 1642 1640 ubi

189 1654 257 1683 Rem
273 1653 430 1684 Romanus
445 1653 533 1692 agel).
581 1654 679 1684 Voss.
698 1663 746 1693 pr.
763 1653 805 1684 A.
821 1661 856 1684 et
871 1658 948 1684 octo
965 1654 1022 1683 alii
1037 1653 1082 1683 ibi
1099 1663 1159 1692 pro
1176 1653 1237 1683 ubi.
1285 1652 1333 1683 At
1352 1653 1464 1683 Ursin.
1489 1656 1525 1683 et
1549 1652 1641 1683 Maz.

186 1696 271 1734 Regi
290 1696 446 1726 Romanus
460 1695 612 1732 habebut;
635 1696 733 1726 multi
757 1696 858 1727 etiam
877 1696 932 1727 alii
948 1695 1196 1727 habebat—246
1220 1696 1275 1725 Fr.
1303 1695 1365 1730 Qui
1387 1705 1475 1726 nunc.
1507 1694 1643 1725 Deinde

185 1737 276 1767 alaz.
294 1739 444 1778 Esquilioe
459 1738 602 1774 nomine;
627 1743 661 1769 et
676 1739 724 1768 sic
742 1748 802 1769 sex
818 1739 894 1769 alii:
921 1738 1052 1769 Zulich.
1078 1748 1127 1778 pr.
1155 1737 1196 1768 A.
1213 1737 1300 1768 Laeti
1325 1742 1360 1768 et
1382 1742 1459 1768 octo
1474 1741 1645 1777 praeterea

188 1780 339 1819 Esquiliae
364 1781 507 1811 nomz'mz:
543 1780 662 1812 Heius.
691 1781 805 1821 placet
842 1781 1016 1821 Esquilias;
1052 1781 1106 1811 vel
1136 1781 1413 1820 Esquilias—248
1446 1780 1575 1810 Thuan.
1600 1780 1645 1809 sic

188 1832 250 1861 pro
265 1823 412 1853 si.—-249
429 1824 525 1853 Voss.
543 1832 593 1862 pr.
610 1823 704 1854 Med.
721 1829 755 1854 et
773 1823 909 1865 quidam
926 1823 981 1853 alii
993 1826 1074 1863 pect.
1090 1823 1291 1853 cariffi—251
1316 1823 1456 1862 Vulgati
1472 1821 1644 1853 habebant

188 1868 324 1895 matrum
350 1875 389 1896 m.
404 1866 619 1905 t.frequentat
633 1876 642 1901 ;
666 1866 755 1896 unde
771 1867 849 1896 olim
866 1865 1074 1906 conjiciebat
1090 1865 1210 1896 Heius.
1224 1868 1338 1896 matres
1361 1875 1408 1896 me
1416 1865 1490 1903 jure
1498 1864 1645 1905 frequen-

190 1910 280 1938 tant:
299 1917 382 1938 unus
413 1908 447 1938 F.
465 1911 581 1938 matres
594 1911 648 1938 tua
665 1912 733 1939 vota
749 1908 974 1948 frequentant:
998 1908 1028 1937 in
1045 1909 1133 1938 Maz.
1150 1918 1169 1938 a
1186 1917 1236 1947 pr.
1253 1917 1339 1938 man.
1361 1911 1477 1937 matres
1491 1916 1538 1937 me
1552 1905 1644 1936 turba

183 1948 388 1988 frequentant
399 1961 409 1981 .·
433 1950 522 1990 quod
540 1951 652 1989 placet
683 1951 800 1980 Heins.
818 1951 845 1980 si
861 1952 955 1989 legas
970 1950 1081 1980 matris
1097 1959 1158 1989 pro
1172 1952 1305 1979 matres.-
1329 1949 1362 1978 in
1378 1949 1458 1979 Jun.
1472 1951 1547 1978 erat
1561 1946 1645 1978 turb.

184 1990 320 2029 fatigat,
346 1992 435 2032 quod
465 2002 528 2022 nec
544 1992 702 2031 displicet
730 1993 954 2022 Burm.——252
982 1991 1052 2021 Alii
1078 1991 1158 2021 Hoec
1174 2000 1225 2020 vos
1237 1992 1452 2029 paea—253.
1476 1991 1538 2019 254
1562 1989 1643 2020 Duo

191 2033 309 2072 Eflor.
325 2034 432 2070 arvis,·
459 2034 580 2064 Heins.
598 2034 687 2073 conj.
701 2035 776 2065 aris.
801 2034 841 2064 In
860 2043 910 2073 pr.
933 2032 975 2063 A.
993 2038 1029 2064 et
1047 2032 1134 2063 Laeti
1153 2032 1235 2063 Cod.
1259 2032 1386 2071 legitur
1403 2031 1443 2063 F.
1459 2031 1503 2062 D.
1520 2031 1644 2072 flores:

850 2125 987 2157 NOTAE

232 2201 293 2231 243
321 2199 485 2240 Tempora]
507 2199 680 2231 Kalendas
697 2199 853 2230 Martias.
991 2198 1124 2229 Publica
1142 2197 1250 2238 sacta]
1273 2197 1282 2214 ⁴
1304 2196 1446 2228 Martias
1471 2197 1646 2229 Kalendas

239 2251 302 2280 244
338 2248 505 2288 Militiam]
550 2248 736 2279 Desiderat
773 2248 891 2278 mulier
947 2252 1110 2279 matronae
1135 2247 1332 2287 celebrant,'
1369 2247 1480 2288 inquit
1518 2248 1649 2288 Festus,

190 2303 337 2339 partum,
349 2303 388 2328 ut
404 2298 498 2329 miles
515 2298 677 2339 praelium.
947 2299 955 2314 ‘
975 2297 1064 2338 quod
1082 2307 1122 2327 eo
1147 2297 1201 2327 die
1218 2297 1363 2329 Junonis
1388 2297 1527 2329 Lucinae
1553 2297 1646 2329 aedes

233 2353 295 2381 245
318 2350 422 2390 Adde]
446 2351 609 2383 Quartam
627 2350 791 2381 rationem
816 2349 890 2380 sub·
947 2347 1011 2378 coli
1030 2351 1144 2387 eoepta
1159 2346 1227 2377 sit.'

190 2401 300 2431 nectit
315 2401 419 2431 Naso.
989 2401 1051 2430 251
1076 2396 1199 2438 Mater]
1231 2397 1335 2436 Juno,
1351 2396 1421 2428 scil.
1439 2396 1563 2428 Martis
1579 2406 1646 2428 ma-

233 2453 297 2482 246
322 2450 494 2490 Esquilias]
518 2451 602 2481 Cum
622 2450 698 2481 Tito
713 2450 811 2481 Tatio
832 2459 890 2489 pa·
945 2453 1009 2481 ter.

192 2509 264 2530 rum
275 2498 396 2529 fideret
412 2500 634 2539 Romulus,in
646 2505 760 2531 monte
773 2500 891 2540 Esqui-
987 2497 1100 2536 Amat]
1149 2497 1282 2527 Praeest
1328 2496 1416 2526 enim
1446 2494 1574 2535 nuptiis
1611 2500 1647 2528 et

191 2550 260 2580 lino
277 2548 436 2580 excubias
464 2549 604 2587 liabuit;
629 2554 728 2590 atque
744 2550 823 2580 inde
845 2549 891 2579 illi
947 2546 1148 2588 puerperiis·

194 2599 309 2630 datum
327 2607 447 2629 nomen
473 2598 590 2628 volunt
606 2602 641 2628 ct
666 2599 758 2628 Naso
775 2604 892 2629 noster
989 2598 1051 2628 252
1075 2593 1189 2633 Decet]
1226 2593 1276 2624 Ut
1294 2596 1392 2632 grato
1412 2592 1522 2624 animo
1539 2592 1572 2624 in
1588 2594 1649 2627 Ju-

194 2653 230 2680 et
259 2648 411 2679 nonnulli
442 2647 518 2680 alii:
553 2656 744 2688 quanquam
768 2648 892 2688 aquis·
949 2655 1070 2677 nonem
1102 2648 1245 2676 matrem
1275 2643 1381 2674 filiurn
1409 2653 1544 2685 quoque
1575 2645 1650 2688 ejus

195 2697 320 2740 quiliis‚
345 2696 481 2727 aliunde
520 2697 626 2727 etiam
655 2697 895 2737 etymologiam
949 2697 1098 2727 Martem
1116 2695 1275 2726 colamus.

197 2747 430 2788 repetiverunt
446 2746 566 2788 quibus
582 2747 640 2778 illa
657 2756 720 2777 non
738 2747 861 2780 arrisit.
991 2749 1053 2781 253
1078 2745 1170 2789 Dcoe]
1193 2743 1333 2784 Junoni,
1348 2744 1420 2780 scil.

238 2798 301 2831 248
324 2795 412 2839 Hac]
436 2790 612 2838 Kalendis,
627 2795 699 2829 scil.
