1773 3121
246 233 358 276 1686
560 276 571 287 ‚
730 244 770 275 Ρ.
801 243 958 274 ovmu
991 242 1203 274 NAsoms

487 458 605 500 ΕΑΒ.
638 457 806 500 XVII.
866 457 1125 499 Anaxarete
1146 459 1193 499 in
1213 458 1441 513 Lapidem.

247 570 290 602 ΙΝ
319 570 427 601 insula
453 570 568 611 Cypro
596 569 793 602 Anaxarete
822 569 887 601 fuit
911 580 952 601 ex
979 570 1140 610 progenie
1160 569 1283 600 Teucri
1307 570 1488 609 Salaminii,
1503 579 1578 611 quae
1595 569 1701 602 forma

288 627 420 655 ceteras
435 628 554 664 gentes
570 624 718 664 ejusdem
745 624 896 655 civitatis
921 633 1136 664 supergressa
1159 629 1230 661 est3
1255 623 1314 654 sed
1332 628 1370 654 ut
1390 623 1608 664 pulchritudo
1623 624 1702 654 emi-

285 685 368 708 nens
384 675 464 715 fuit,
478 676 526 707 ita
544 681 681 716 propter
694 678 967 717 aspernationem
986 678 1131 707 virorum
1147 676 1372 707 abominanda
1387 677 1550 707 omnibus.
1590 677 1702 709 Quam

287 740 364 762 cum
380 730 486 771 Iphis,
501 730 654 770 ejusdem
671 731 834 769 civitatis,
851 740 963 761 amore
980 730 1149 770 diligeret,
1166 739 1276 770 neque
1293 729 1423 760 aditum
1448 729 1488 760 ad
1506 739 1579 760 eam
1595 729 1698 760 habe-

285 788 351 824 ret,
365 783 495 822 dolens,
511 783 601 824 quod
618 784 651 814 in
669 788 736 814 tam
754 793 892 823 gravem
918 789 1044 814 sortem
1062 783 1250 821 incidisset,
1275 783 1316 813 ad
1342 786 1544 821 extremum,
1566 791 1609 812 ne
1626 781 1704 812 diu·

285 839 352 868 tius
368 837 514 876 doleret,
531 842 634 868 noctu
649 838 736 868 clam
751 842 830 868 ante
847 836 938 867 fores
956 838 1079 877 puellae
1097 836 1277 877 suspendio
1293 846 1327 866 se
1344 836 1513 867 liberavit.
1546 834 1608 866 Cui
1622 844 1700 866 cum

283 890 383 921 funus
400 900 461 930 pro
478 890 645 930 dignitate
661 890 807 921 fortunae
826 901 886 930 per
908 890 1081 930 publicum
1104 890 1251 920 maxima
1277 888 1472 930 frequentia
1489 888 1674 919 duceretur
1691 897 1700 925 ;

283 949 318 974 et
333 944 393 974 illa
408 943 655 983 patientissime
671 952 713 972 ex
731 942 897 982 superiori
913 948 1009 981 parte
1025 942 1142 972 domus
1157 942 1391 982 prospiceret;
1408 941 1450 972 ob
1467 940 1603 971 nimiam
1620 949 1698 971 cru-

283 996 460 1027 delitatem
477 996 645 1035 animique
659 995 831 1034 duritiam,
845 995 878 1025 in
895 995 1039 1034 vestigio
1057 995 1108 1024 sui
1126 1004 1145 1024 a
1159 995 1293 1025 Venere
1310 1004 1390 1024 saxo
1407 994 1529 1024 durata
1553 998 1629 1031 est3
1651 993 1700 1024 ita

283 1054 320 1079 ut
347 1048 436 1088 apud
459 1048 654 1078 Salaminios
679 1047 811 1088 species
835 1047 905 1087 ejus
935 1046 1174 1087 prospicientis
1206 1047 1352 1076 Veneris
1374 1056 1496 1077 nomen
1518 1045 1700 1087 acceperit.

285 1101 419 1132 Dehinc
434 1101 654 1140 Vertumnus,
669 1100 802 1131 rediens
818 1101 851 1131 in
871 1109 964 1131 suam
984 1100 1149 1141 speciem,
1165 1099 1317 1130 Pomona
1332 1099 1461 1140 potitus
1477 1104 1540 1131 est.

239 1215 493 1272 VmERA‘r
515 1243 542 1271 a
559 1230 721 1271 veteris
739 1241 993 1282 generosam
1016 1229 1232 1282 sanguine
1251 1229 1416 1271 Teucri

241 1298 367 1351 Iphis
390 1297 688 1346 Anaxareten,
708 1297 861 1337 humili
882 1296 937 1336 de
959 1297 1097 1349 stirpe
1118 1300 1307 1338 creatus.

238 1364 438 1413 Viderat,
461 1368 503 1405 et
524 1364 627 1405 totis
649 1367 909 1417 perceperat
931 1363 1105 1403 ossibus
1125 1366 1294 1403 aestum.
1613 1363 1698 1405 700

239 1431 537 1484 Luctatusque
558 1431 647 1480 diu,
670 1434 910 1484 postquam
930 1430 1095 1470 ratione
1115 1429 1305 1471 furorem

237 1497 425 1539 Vincere
445 1510 532 1538 non
551 1498 708 1550 potuit,
739 1497 925 1550 supplex
947 1496 1002 1536 ad
1021 1496 1175 1536 limina
1193 1496 1325 1537 venit.

236 1564 296 1606 Et
315 1564 449 1604 modo
469 1565 624 1605 nutrici
645 1565 848 1604 miserum
870 1563 1100 1604 confessus
1122 1576 1330 1613 amorem,

237 1631 309 1671 Ne
329 1631 413 1671 sibi
432 1630 541 1670 dura
563 1630 689 1679 foret,
711 1643 788 1682 per
809 1643 912 1683 spes
933 1631 1073 1670 oravit
1093 1631 1280 1670 alumnae
1297 1645 1307 1671 :

237 1698 294 1739 Et
313 1698 441 1739 modo
462 1698 516 1738 de
536 1698 685 1738 multis
704 1696 928 1738 blanditus
951 1697 1109 1750 cuique
1129 1697 1354 1748 ministris,
1609 1699 1696 1740 705

278 1833 369 1855 xvn.
386 1823 472 1864 Iphis
486 1826 577 1854 natus
586 1834 625 1855 ex
639 1824 819 1863 parentibus
831 1823 960 1862 plebeiis
970 1827 1170 1861 conspexerat
1181 1824 1311 1855 nobilem
1320 1824 1521 1856 Anaxareten
1532 1829 1639 1857 ortam
1653 1836 1694 1856 ex

234 1868 382 1906 sunguine
396 1866 510 1897 veteris
529 1866 647 1896 Teucri.
667 1867 890 1904 Conspexerut,
904 1868 992 1904 atque
1008 1868 1185 1903 conceperat
1201 1876 1334 1896 amorem
1349 1868 1424 1898 totis
1438 1868 1573 1904 ossibus,·
1597 1872 1628 1899 et
1638 1869 1693 1900 diu

234 1918 424 1949 repugnam,
433 1911 594 1947 postquam
608 1917 668 1937 non
680 1907 784 1946 potuit
793 1915 937 1945 superare
949 1909 1058 1936 aestum
1071 1908 1206 1945 ratione,
1215 1909 1341 1947 supplex
1353 1909 1439 1939 venit
1451 1911 1490 1940 ad
1497 1910 1649 1947 januum5
1661 1914 1693 1941 et

232 1960 312 1980 nunc
326 1949 481 1987 consessus
497 1949 658 1988 effroenum
673 1958 805 1978 amorem
817 1949 944 1985 nutrici,
953 1951 1099 1987 precatus
1115 1952 1159 1978 est
1173 1959 1230 1987 per
1244 1959 1326 1988 spem
1338 1951 1482 1989 ulumnae,
1493 1961 1530 1981 ne
1543 1952 1604 1982 sibi
1615 1956 1693 1983 esset

232 1992 365 2022 crudelis
377 2002 387 2022 .-
410 2001 491 2022 nunc
505 1991 633 2021 adulans
646 1990 783 2028 singulos
799 1999 837 2021 ex
849 1990 993 2030 plurimis
1000 1989 1146 2030 famum,
1169 1991 1345 2031 imploravit
1353 1992 1496 2030 savorem
1516 1993 1692 2026 benevolum

844 2085 1081 2097 eeee‘eoe‘ee‘

233 2150 401 2180 ses—698
424 2148 504 2178 Bas.
539 2151 600 2179 vet.
625 2151 804 2187 generatam
833 2152 1031 2189 sanga—699
1054 2150 1150 2181 Unus
1179 2150 1258 2180 Bas.
1281 2154 1318 2181 ct
1344 2150 1462 2182 Heins.
1489 2152 1526 2182 de
1548 2151 1691 2192 plebe.—

233 2193 298 2222 700
323 2190 416 2220 Unus
443 2190 530 2221 liber
553 2194 608 2221 tot.
629 2194 815 2231 praeceperat
841 2195 907 2223 oest.
931 2192 1067 2223 Deinde
1093 2196 1201 2223 aestum
1220 2197 1270 2223 est
1293 2202 1334 2223 ex
1351 2193 1386 2224 S.
1406 2193 1580 2232 Marci,et
1604 2198 1690 2228 vett.

235 2233 292 2264 alii
307 2233 510 2271 ignes.—702
533 2232 628 2264 Med.
653 2243 736 2263 unus
752 2244 812 2264 non
827 2234 935 2273 voluit,
950 2236 1048 2274 suppl.
1072 2234 1233 2265 Heidelb.
1261 2244 1336 2266 cum
1355 2235 1502 2276 quinque
1518 2236 1591 2266 aliis
1603 2240 1689 2276 pote-

228 2278 400 2307 rat.-—⁷04
412 2275 532 2306 Heius.
549 2274 697 2306 malebat
712 2277 1073 2316 spes...alumnas.—705
1091 2277 1184 2308 Olim
1201 2277 1368 2308 edebatur
1383 2278 1488 2308 multis
1501 2278 1594 2309 alicui
1605 2279 1689 2310 blan-

232 2317 318 2348 ditus
332 2317 449 2348 amicis.
473 2317 531 2348 Pr.
548 2318 627 2348 Bas.
643 2318 783 2358 cuiquam
806 2319 908 2349 bland.
924 2320 1031 2350 amicis
1043 2331 1053 2350 .·
1077 2320 1150 2350 Pal.
1168 2329 1218 2358 pr.
1235 2323 1270 2350 et
1290 2321 1333 2350 V.
1349 2329 1399 2360 pr.
1415 2325 1494 2352 tert.
1511 2321 1606 2352 Med.
1623 2322 1687 2353 Ur-

229 2359 298 2391 bin.
322 2365 466 2400 uterque
482 2360 670 2400 Hamburg.
693 2366 728 2391 et
744 2365 874 2401 septem
890 2361 946 2392 alii
961 2363 1054 2393 alicui
1070 2361 1210 2392 blandita
1235 2362 1406 2393 ministris:
1430 2363 1475 2394 N.
1491 2368 1526 2394 et
1541 2364 1597 2395 Fr.
1612 2364 1687 2395 alic.

230 2403 384 2433 suadendo
397 2402 531 2434 ministr.
548 2402 738 2442 Calandrae,
755 2408 790 2434 et
816 2408 985 2444 praeterea
1000 2405 1149 2445 quinque
1165 2405 1319 2436 suadendo
1334 2406 1441 2445 cuique
1455 2405 1591 2438 ministr.
1615 2407 1685 2438 De·

890 2497 1029 2530 NOTAE

271 2572 334 2602 698
361 2569 487 2610 Teucri]
528 2571 717 2602 Telamonis
741 2571 806 2603 fnit
829 2571 928 2612 filius,
983 2572 1161 2613 repetitus.

229 2620 286 2662 qui
323 2630 342 2650 a
379 2625 475 2660 patre
509 2620 608 2651 domo
640 2622 754 2661 pulsus
786 2627 927 2662 propter
1025 2625 1087 2653 703
1114 2620 1256 2661 Nutrici]
1287 2622 1375 2653 Haec
1395 2622 1507 2653 omnia
1529 2632 1570 2654 ex
1587 2627 1683 2666 peni-

229 2670 347 2710 Ajacis
379 2669 491 2701 fratris
522 2671 662 2702 inultam
692 2681 823 2709 necem,
853 2682 927 2712 pro·
982 2672 1118 2704 tissimis
1155 2672 1236 2703 artis
1275 2677 1310 2702 et
1354 2673 1574 2713 experientiae
1612 2687 1682 2709 suae

229 2720 329 2760 fugus
345 2720 377 2750 in
402 2721 564 2761 Cyprum,
584 2720 709 2752 ibidem
731 2730 852 2752 novam
866 2722 925 2753 Sa·
979 2723 1153 2764 mysteriis
1167 2722 1356 2763 depromsit
1369 2723 1490 2755 Poeta.

228 2770 353 2800 lamina
369 2769 537 2802 condidit.
1023 2772 1190 2812 Miserum]
1250 2771 1428 2813 Siquidem
1471 2783 1489 2804 a
1518 2784 1584 2816 qua
1613 2784 1679 2807 non

271 2822 331 2850 701
349 2819 514 2861 Luctatus]
531 2820 598 2853 Hic
610 2830 723 2854 versus
734 2831 775 2854 ex
788 2821 847 2853 lib,
860 2830 922 2853 vn.
979 2828 1150 2855 amaretur
1167 2822 1303 2864 perdite
1322 2828 1461 2855 amaret.
