1773 3121
237 249 354 290 1770·
663 284 666 285 γ
719 261 759 290 Ρ.
791 260 947 290 ovmu
983 259 1193 291 NAsoNJs

239 354 358 395 Saxa
376 354 511 407 fugit:
543 353 702 395 dextra
720 358 942 407 praerupta
963 354 1173 396 Ceraunia
1191 355 1328 408 parte,

239 419 615 474 Romechiumque
635 421 752 473 legit,
777 420 1078 475 Caulonaque,
1100 420 1444 474 Naryciamque,

239 487 501 541 Evincitque
521 488 690 537 fretum,
712 488 935 542 Siculique
955 491 1133 541 angusta
1153 488 1318 538 Pelori,

240 554 600 608 Hippotadaeque
621 555 773 595 domos
791 557 918 608 regis,
939 555 1266 608 Themesesque
1283 553 1482 605 metalla3

239 620 588 675 Leucosiamque
609 622 730 675 petit,
751 622 974 676 tepidique
993 622 1160 663 rosaria
1179 621 1334 662 Paesti.

240 686 351 728 Inde
372 689 475 741 legit
495 688 706 742 Capreas,
728 691 1159 743 promontoriumque
1180 687 1409 737 Minervae,
1676 722 1678 724 .

241 754 297 795 Et
317 755 561 796 Surrentino
582 769 815 809 generosos
835 757 1012 810 palmite
1033 758 1182 807 colles,
1601 752 1686 794 ’710

243 822 591 877 Herculeamque
612 825 775 873 urbem,
798 824 1078 878 Stabiasque,
1099 828 1141 866 et
1158 825 1205 866 in
1223 825 1315 866 otia
1333 825 1479 865 natam

1598 417 1682 459 705

243 943 357 974 dextra
370 942 503 982 fragosa
517 944 685 982 Ceraunia,
700 947 730 974 et
746 944 955 984 Romechium,
970 949 1001 976 et
1019 945 1199 983 Caulouem,
1212 948 1242 975 et
1257 944 1439 984 Naryciam,
1461 945 1552 983 atque
1566 944 1692 981 superat

233 984 369 1023 fretum,
379 989 408 1015 et
425 986 586 1024 angustias
599 985 708 1016 Pelori
722 985 836 1025 Siculi,
847 991 877 1018 et
892 988 995 1017 domos
1009 988 1094 1026 regis
1107 987 1310 1027 Hippotadae,
1324 989 1355 1017 et
1370 983 1549 1023 aerifodinas
1566 984 1692 1015 Themess

242 1037 311 1064 ses‚·
330 1030 396 1058 tum
409 1028 508 1059 tendit
517 1028 707 1068 Leucosiam,
718 1031 747 1059 et
754 1029 873 1059 rosaria
888 1030 982 1060 calidi
1000 1029 1109 1061 Poesti.
1132 1029 1218 1060 Hinc
1228 1028 1304 1068 legit
1319 1028 1467 1068 Caprea-8,
1478 1029 1509 1058 et
1516 1028 1692 1067 promonto-

241 1070 323 1100 rium
344 1070 509 1110 Minervae,
530 1075 560 1102 et
576 1074 692 1103 montes
705 1070 818 1102 nobiles
830 1071 893 1103 vite
917 1072 1116 1111 Surrentina,
1132 1074 1162 1103 et
1177 1071 1281 1102 urbem
1296 1070 1493 1110 Heracleam,
1509 1073 1539 1101 et
1554 1068 1692 1108 Stabias,

836 1166 931 1177 oreae
937 1166 1070 1177 ‘eeeoee

245 1228 392 1260 Celennia
407 1228 483 1259 libri
500 1234 633 1261 veteres
648 1230 770 1271 majori
787 1240 828 1261 ex
846 1235 964 1271 parte:
989 1231 1150 1271 nonnulli,
1167 1230 1333 1270 Celemnia,
1350 1229 1538 1270 Celempm'a,
1555 1229 1695 1268 Celenia,

246 1271 379 1310 Cilenia,
405 1271 568 1312 Cylennia,
591 1273 765 1304 Cilemnia:
798 1272 929 1304 Arund.
957 1274 1132 1304 Celamnz'a:
1158 1274 1289 1305 Zulich.
1315 1272 1475 1311 Celennia,
1491 1281 1566 1303 eum
1582 1271 1691 1302 tribus

245 1313 317 1344 aliis
331 1324 338 1343 :
355 1313 542 1353 Turnebus,
558 1314 729 1353 Uolumnia,
744 1320 780 1346 ut
797 1315 945 1346 Columna
963 1315 1088 1355 Rhegia
1103 1315 1322 1355 intelligatur,
1333 1324 1410 1356 qnae
1428 1313 1559 1345 Graecis
1572 1312 1693 1350 στηλίς.

239 1358 344 1387 ——705
359 1356 399 1386 In
412 1356 524 1386 multis
539 1362 705 1395 veterum,
716 1357 976 1398 Plemirz'umque:
994 1358 1028 1388 in
1042 1358 1128 1395 aliis,
1145 1357 1414 1397 Romethiumque,
1428 1356 1692 1396 Remethiumque,

243 1397 511 1439 Remechiumque,
535 1399 802 1440 Rometheumque,
826 1400 1069 1440 Remotiumque,
1096 1400 1336 1438 Prothitonque:
1356 1399 1483 1439 primus
1499 1398 1605 1429 Basil.
1628 1398 1695 1429 Ra-

243 1440 467 1480 metlziumque:
488 1451 592 1482 quare
619 1442 740 1472 Vossio
767 1446 883 1473 nostro
911 1443 1091 1481 assentior,
1106 1443 1268 1473 Lamecum
1291 1441 1475 1472 scribenti:
1503 1440 1694 1480 Plemyrium

243 1480 409 1513 Ortelius.
454 1484 630 1515 Turnebus
643 1484 855 1524 Remigioque,
867 1484 991 1514 oblitus
1005 1485 1099 1514 remis
1121 1485 1223 1524 paulo
1238 1488 1318 1514 ante
1335 1481 1558 1524 praecessisse.
1580 1482 1695 1515 Heius.

245 1524 329 1554 Mox
359 1526 460 1556 etiam
491 1526 617 1557 habent
644 1526 700 1558 alii
726 1527 957 1567 Naritiamque,
994 1527 1047 1557 vel
1078 1526 1294 1566 Nar-uimque,
1326 1526 1378 1557 vel
1417 1525 1694 1565 Naritiumquee—

245 1568 307 1596 708
331 1567 416 1598 Edd.
443 1569 531 1608 vulg.
553 1569 680 1600 habent
694 1569 906 1609 Leucosiamq.
930 1572 965 1600 et
993 1569 1041 1600 sic
1057 1569 1160 1600 etiam
1183 1568 1334 1600 nonnulli
1357 1571 1440 1599 vett.
1456 1567 1556 1599 codd.
1599 1567 1695 1599 Unus

247 1607 380 1639 Ciofan.
398 1609 613 1651 Leuconiamq.
637 1612 704 1642 duo
720 1613 762 1643 V.
789 1616 824 1642 et
849 1613 935 1642 alter
952 1612 1020 1642 Ma.
1042 1612 1253 1651 Leucorz‘amq.
1278 1611 1335 1642 alii
1360 1612 1479 1642 volunt
1493 1610 1693 1649 Leucorumq.

245 1659 298 1690 pr.
315 1650 390 1683 Pal.
412 1652 613 1693 Leucoriunq.
635 1655 677 1686 N.
698 1654 887 1694 Yecoriamq.
912 1654 998 1685 alter
1015 1654 1203 1694 Hamburg.
1225 1654 1438 1694 Leucotoamq.
1462 1652 1593 1683 Arund.
1614 1652 1694 1683 Leu-

244 1693 394 1734 coniamq.
419 1704 470 1735 pr.
499 1695 686 1738 Hamburg.
713 1697 914 1737 Leuconamq.
938 1706 1021 1727 unus
1045 1696 1277 1736 Leuthariumq.
1301 1696 1358 1726 alii
1383 1695 1592 1734 Leutoriamq.
1615 1694 1695 1725 Leu-

244 1735 406 1777 cericamq.
431 1737 660 1779 Leucothoemq.
691 1739 899 1780 Leusesiamq.
932 1739 1033 1770 Hein.
1068 1740 1172 1770 vellet
1199 1739 1516 1779 Leucasiumq.—709
1549 1736 1695 1770 Quidam

897 1835 1034 1866 NOTAE

288 1909 351 1937 704
377 1907 547 1947 Ceraunia]
569 1908 691 1948 Neque
706 1907 778 1938 haec
794 1908 827 1937 in
841 1907 946 1938 Italia

246 1949 420 1996 quistinam
437 1957 521 1987 alius
537 1958 684 1996 scriptor
700 1956 876 1988 indicavit.

289 2008 351 2036 705
388 2006 602 2045 Romechium]
640 2007 778 2036 Nullum
811 2015 944 2047 quoque

246 2054 349 2094 hujus
363 2057 494 2094 uspiam
512 2056 700 2094 vestigium.

291 2105 444 2145 Caulona]
466 2106 544 2136 Fuit
560 2106 687 2136 Caulon
703 2115 762 2136 seu
779 2106 944 2138 Caulonia

248 2154 328 2185 urbs
351 2164 483 2194 maguae
500 2155 644 2185 Graeciae
660 2155 692 2185 iu
716 2157 859 2196 Brutiis,
877 2158 942 2196 vel,

248 2203 338 2244 quod
360 2204 449 2235 idem
475 2209 539 2242 est,
564 2205 760 2245 oppidulum
778 2207 943 2239 Calabriae

248 2254 417 2285 ulterioris
433 2255 466 2284 in
481 2259 592 2286 monte
608 2256 817 2295 cognomine.

296 2303 483 2344 Naryciam]
517 2305 680 2345 Narycia,
706 2306 854 2345 Naricia,
888 2312 946 2339 aut

253 2354 421 2386 Naritium
440 2353 605 2385 Calabriae
629 2359 681 2385 est
707 2356 821 2395 etiam,
845 2367 943 2397 quam

252 2404 284 2434 in
302 2409 454 2434 extremo
472 2404 542 2444 ejus
565 2406 686 2444 angulo
714 2405 812 2436 Locri
837 2407 944 2447 Nary-

250 2454 292 2485 cii
309 2453 575 2485 aedificaverunt.
898 2495 901 2497 q

292 2506 355 2535 706
378 2504 500 2542 Pelori]
526 2504 625 2535 Quod
642 2515 683 2535 ex
700 2505 808 2536 tribus
823 2507 943 2538 Siciliae

249 2554 484 2595 promontoriis
516 2558 567 2584 est
596 2563 709 2593 uuum,
740 2555 771 2585 in
809 2556 944 2586 Italiam

249 2612 401 2643 vergens.

292 2656 352 2684 707
379 2653 582 2692 Hippotadae]
606 2653 726 2683 AEolias
750 2653 834 2685 dicit
857 2655 944 2685 iusu—

251 2703 312 2741 las,
340 2702 512 2742 inquibus
538 2704 689 2742 regnavit
705 2703 831 2744 AEolus,
850 2706 944 2737 Jovis

251 2753 340 2784 filius
376 2762 419 2783 ex
443 2751 580 2793 Acesta,
608 2753 769 2794 Hippotae
804 2755 945 2796 Trojaui

251 2802 339 2836 filia:
362 2803 404 2835 de
421 2803 571 2845 quojam
587 2804 724 2844 saepius.

1043 1908 1213 1948 Themeses]
1248 1910 1396 1947 Teme-«xer,
1423 1909 1552 1940 Latinis
1574 1909 1695 1949 'remp-

998 1969 1081 1999 sum,
1098 1960 1294 1990 Brutiorum
1318 1959 1493 1999 oppidum,
1509 1959 1695 1991 aerifodinis

997 2009 1159 2047 nobilem,
1175 2018 1255 2049 quas
1272 2018 1332 2039 suo
1355 2013 1507 2050 tempore
1528 2008 1695 2041 defecisse

995 2062 1111 2089 narrat
1126 2058 1259 2090 Strabo.

1039 2111 1101 2139 708
1124 2108 1317 2148 Leucosiam]
1344 2108 1504 2140 Lucaniae
1521 2113 1574 2141 ent
1590 2119 1696 2151 parva

997 2157 1104 2188 insula
1119 2158 1152 2188 in
1168 2159 1242 2189 sinu
1258 2158 1431 2190 Paestano.

1046 2207 1192 2247 Rosaria]
1216 2209 1364 2239 Paestum
1394 2208 1573 2240 Leucaniae
1598 2211 1696 2251 oppi-

999 2257 1078 2288 dum
1108 2267 1243 2299 semper
1273 2267 1428 2298 vernans,
1465 2259 1561 2299 cujus
1591 2260 1695 2292 etiam

999 2309 1127 2339 rosaria
1139 2309 1257 2349 Virgil.
1271 2309 1486 2340 commendat
1501 2309 1552 2340 his
1564 2309 1696 2342 verbis:

997 2360 1005 2375 ‘
1024 2358 1190 2400 biferique
1208 2359 1335 2390 rosaria
1351 2358 1482 2390 Paestix

1040 2411 1057 2438 7
1062 2411 1104 2439 09
1128 2409 1278 2448 Capreas]
1301 2408 1419 2439 Insula
1433 2412 1486 2440 est
1499 2408 1594 2449 regni
1610 2409 1697 2441 Nea-

999 2459 1142 2499 politani
1158 2463 1275 2489 contra
1289 2458 1555 2498 promontorium
1571 2459 1698 2490 Miner-

998 2518 1062 2546 vae,
1077 2507 1203 2538 Tiberii
1221 2517 1354 2539 secessu
1371 2513 1463 2541 nota.

1044 2557 1302 2596 Promontorium]
1316 2557 1355 2587 In
1372 2558 1461 2588 illius
1477 2562 1631 2590 extremo
1644 2563 1696 2590 est

1000 2605 1214 2643 Athenaeum,
1242 2615 1299 2636 seu
1330 2607 1496 2636 Minervae
1521 2607 1696 2649 sacellum,

1000 2655 1088 2696 quod
1106 2655 1246 2694 Ulysses
1262 2656 1388 2687 dicitur
1404 2655 1599 2689 aedificasse.

1040 2708 1102 2735 710
1118 2705 1316 2745 Surrentino]
1334 2706 1531 2737 Surrentum
1547 2707 1628 2739 urbs
1643 2713 1696 2741 est

999 2756 1193 2795 Campaniae
1211 2756 1287 2786 vino
1301 2757 1446 2787 maxime
1461 2757 1594 2789 nobilis.

1041 2808 1101 2838 711
1142 2806 1344 2848 Herculeam]
1379 2806 1551 2840 Heraclea
1578 2807 1694 2852 etiam,
