1773 3121
166 245 281 288 1960
654 252 694 289 Ρ.
727 258 885 289 ov1D11
921 256 1138 289 NAsoms

169 351 261 393 Hic
280 352 391 394 latet
412 352 699 407 Hippolytus,
719 353 846 394 furiis
867 353 1065 408 direptus
1087 366 1322 408 equorum:

224 418 354 460 Unde
375 433 530 460 nemus
549 420 679 460 nullis
700 421 808 461 illud
829 421 966 462 initur
987 421 1131 474 equiS.

167 484 293 526 Licia
313 486 580 539 dependent,
602 487 760 540 longas
779 488 971 529 velantia
993 501 1139 542 sepes,

223 553 280 592 Et
300 553 448 605 posita
470 557 537 594 est
555 554 720 595 meritae
741 554 876 595 multa
896 554 1058 595 tabella
1079 555 1207 596 Deae.

165 617 298 670 Saepe
318 621 474 671 potens
496 620 605 670 voti,
626 620 809 661 frontem
830 620 1036 662 redimita
1057 622 1241 671 coronis,

222 685 425 727 Foemina
445 687 635 727 lucentes
656 692 802 740 portat
823 688 878 728 ab
907 687 1019 728 Urbe
1037 688 1172 729 faces.

164 751 319 804 Regna
339 756 485 793 teuent
503 753 727 807 fortesque
748 766 894 803 mauu,
916 754 1195 808 pedibusque
1214 755 1393 809 fugaces
1410 768 1420 796 t

218 818 277 858 Et
297 820 408 872 perit
428 820 634 872 exemplo
655 820 895 873 postmodo
917 821 1104 873 quisque
1125 834 1219 862 suo.

161 885 333 926 Defluit
351 886 514 925 incerto
535 886 769 938 lapidosus
790 899 1007 926 murmure
1029 887 1173 930 rivus:

219 951 368 1004 Saepe,
392 951 469 992 sed
492 952 666 1004 exiguis
688 952 932 1002 haustibus,
955 952 1056 992 inde
1076 954 1214 994 bibes.

162 1017 320 1071 Egeria
341 1023 421 1068 est,
444 1031 547 1071 quae
569 1020 740 1072 praebet
761 1031 914 1072 aquas,
942 1018 1036 1059 Dea
1055 1023 1174 1072 grata
1195 1018 1435 1061 Camoenis.

219 1085 305 1126 Illa
327 1085 489 1127 Numae
513 1086 695 1140 conjux,
718 1086 1037 1140 consiliumque
1056 1087 1154 1128 fuit.
1240 1082 1245 1084 ’

1535 687 1623 730 270

1536 1019 1621 1062 275

160 1196 352 1236 Hippolytus
364 1196 517 1226 laceratus
528 1195 639 1233 furore
655 1205 802 1235 equorum
816 1195 866 1226 laic
881 1199 926 1226 est
941 1196 1085 1228 abditus:
1108 1207 1203 1237 quare
1216 1197 1292 1227 illud
1307 1206 1412 1228 nemus
1426 1195 1520 1228 nullis
1534 1195 1620 1237 equis

155 1239 309 1277 tangitur.
355 1238 445 1268 Licia
468 1239 638 1277 dependerit
659 1238 800 1275 tegentia
822 1239 929 1276 longus
953 1248 1051 1279 sepes,
1075 1243 1105 1269 et
1129 1241 1225 1269 multa
1241 1240 1353 1270 tabella
1367 1241 1463 1281 affixa
1478 1242 1525 1270 est
1538 1240 1618 1270 Deoe

157 1281 285 1312 meritoe.
330 1280 418 1320 Soepe
425 1279 558 1317 faemina
573 1290 692 1319 compos
707 1279 770 1310 voti
796 1280 928 1310 cinctam
949 1280 1061 1311 habens
1068 1281 1208 1318 frontem
1222 1283 1316 1311 sertis
1321 1282 1390 1318 fert
1406 1283 1504 1312 toedas
1517 1282 1617 1321 splen·

157 1325 265 1354 dentes
279 1321 316 1352 ab
337 1322 429 1353 Urbe.
478 1322 541 1357 Qui
566 1332 659 1352 manu
681 1323 815 1361 strenui,
841 1325 871 1352 et
890 1323 1021 1362 pedibus
1043 1324 1123 1354 leves
1146 1323 1284 1354 obtinent
1306 1333 1423 1362 regna‚·
1446 1327 1477 1354 et
1491 1323 1617 1363 quisque

156 1365 269 1396 occidit
283 1367 353 1405 post
366 1365 456 1404 paulo
477 1374 530 1394 suo
546 1365 691 1404 exemplo.
739 1365 838 1395 Rivus
853 1374 980 1395 saxosus
1001 1366 1140 1396 decurrit
1162 1375 1318 1397 murmure
1335 1367 1469 1396 incerto:
1490 1365 1617 1406 potabis

156 1418 195 1439 ex
211 1417 244 1438 eo
260 1417 352 1447 sccpe,
377 1408 429 1437 sec]
441 1407 549 1446 parcis
571 1407 740 1437 haustibus.
784 1407 906 1445 Egeria
926 1410 973 1437 est
996 1417 1062 1447 quae
1077 1409 1130 1438 dat
1146 1418 1253 1448 aquaS‚
1276 1409 1346 1439 Dea
1360 1411 1486 1448 accepta
1501 1408 1614 1439 RIusis.

773 1478 867 1489 m

155 1533 214 1563 pro
231 1523 455 1563 aprica.-—264
479 1523 577 1554 Voss.
594 1526 629 1554 et
654 1523 790 1563 plurimi
814 1524 871 1555 alii
899 1525 957 1555 Est
986 1525 1078 1563 locus,
1102 1521 1273 1555 ‹mu—'265
1299 1522 1369 1554 Alii
1395 1533 1473 1554 cum
1499 1523 1618 1557 Ursin.

155 1567 255 1597 Voss.
271 1571 307 1596 et
322 1565 452 1596 Arund.
469 1566 627 1605 Hicjacet
647 1567 692 1598 H.
709 1567 795 1597 Mox
811 1567 874 1598 Ed.
898 1567 1042 1607 Neapol.
1061 1567 1132 1605 sur.
1148 1566 1318 1597 distractus
1333 1576 1377 1606 eq.
1399 1565 1489 1607 quod
1507 1570 1542 1597 et
1556 1566 1613 1599 Fr.

155 1608 312 1648 agnoscit
328 1618 387 1648 pro
405 1618 474 1639 var.
494 1609 681 1641 icen—266
697 1609 803 1640 Initur
818 1609 935 1641 Heius.
950 1611 1065 1650 placet
1081 1619 1150 1649 pra>
1170 1609 1260 1649 vulg.
1276 1610 1504 1640 aditura—269
1517 1609 1613 1642 voss.

156 1650 287 1681 Arund.
314 1655 349 1681 et
375 1652 414 1681 F.
439 1654 501 1683 vot.
527 1652 631 1682 multis
655 1653 827 1683 τεὼ-271
855 1652 995 1692 Γονίεεᾳ.
1023 1663 1115 1683 nzanu
1142 1652 1260 1683 Heius.
1288 1650 1420 1691 profert
1447 1661 1488 1681 ex
1513 1651 1611 1683 Voss.

152 1693 282 1724 Arund.
309 1694 440 1724 Zulich.
456 1700 490 1725 et
509 1694 597 1726 Maz.
614 1694 670 1724 alii
689 1694 793 1732 fortes
816 1695 1073 1726 manibus.-274
1098 1695 1196 1725 Bibes
1222 1695 1312 1725 Maz.
1331 1698 1366 1724 et
1383 1693 1514 1725 anich.
1532 1693 1612 1725 bibis

154 1745 205 1775 pr.
223 1736 263 1766 A.
287 1736 373 1767 Laeti
387 1741 422 1767 et
439 1737 584 1777 quinque
607 1737 663 1767 alii
678 1747 685 1767 ε
710 1737 788 1768 bibit
804 1737 917 1768 Ursin.
934 1738 1014 1768 Pet.
1029 1742 1065 1768 et
1081 1737 1188 1768 ceteri
1205 1737 1328 1777 majori
1344 1745 1386 1766 ex
1403 1740 1513 1776 parte.
1539 1737 1611 1767 Ma·

809 1835 841 1866 N
846 1835 949 1867 OTAE

152 1906 250 1946 gione
264 1904 443 1936 advectum
456 1906 579 1936 Dianae
593 1906 808 1937 simulacrum
822 1907 855 1937 in
953 1907 1108 1946 Fugaces]
1133 1905 1327 1946 Fugitivuui
1353 1906 1534 1937 voluerunt
1556 1905 1609 1936 fu·

151 1955 425 1996 praecedentibus
441 1965 508 1986 non
526 1957 631 1987 semel
654 1956 810 1987 vidimus.
908 1957 973 1987 isse
997 1956 1212 1987 sacerdotem
1231 1956 1287 1996 qui
1305 1956 1516 1986 Nemorense
1534 1965 1609 1996 reg·

193 2009 254 2036 265
280 2005 487 2046 Hippolytus]
533 2007 590 2037 Dc
621 2006 685 2037 isto
721 2015 855 2046 quoque
908 2015 987 2036 num
1000 2006 1183 2044 obtineret,
1200 2005 1240 2035 ad
1257 2004 1451 2035 memoriam
1469 2008 1505 2035 et
1525 2005 1607 2036 ima-

149 2055 273 2087 Thesei
287 2055 357 2086 filio
373 2055 414 2085 ab
432 2056 525 2096 equis
539 2056 668 2086 territis
680 2056 851 2097 discerpto
905 2056 1014 2094 ginem
1033 2053 1122 2096 fugae
1141 2055 1288 2094 Orestis,
1308 2054 1361 2095 qui
1387 2054 1500 2085 occiso
1523 2064 1606 2095 rege

144 2106 218 2146 jam
233 2106 330 2145 plura
345 2104 488 2135 diximus
503 2105 535 2136 in
554 2106 798 2146 superioribus.
904 2105 1058 2136 Thoante
1079 2105 1113 2134 in
1131 2105 1268 2145 regione
1283 2104 1437 2144 Taurica,
1457 2113 1532 2134 cum
1555 2114 1606 2135 so-

193 2154 369 2195 Equorum]
404 2155 560 2185 Territos
595 2165 654 2186 eos
681 2165 700 2186 a
735 2156 851 2196 phocis
904 2165 979 2187 rore
1006 2156 1186 2197 Iphigenia
1205 2154 1306 2196 fugit,
1329 2159 1365 2185 et
1388 2155 1604 2186 simulacrum

148 2205 303 2246 Neptuni
323 2205 420 2246 jussu
445 2206 555 2237 subito
583 2216 624 2238 ex
641 2207 725 2237 mari
741 2217 849 2238 erum-
904 2206 983 2237 inde
997 2205 1167 2236 sublatum
1191 2204 1280 2236 haud
1305 2205 1404 2245 longe
1431 2205 1473 2235 ab
1489 2204 1606 2237 Aricia

147 2256 308 2298 pentibus
324 2265 426 2296 supra
442 2257 544 2287 etiam
565 2257 720 2289 vidimus.
904 2255 1095 2286 collocavit.

189 2309 252 2338 266
276 2307 411 2347 Nemus]
433 2306 620 2338 Aricinum.
944 2308 1009 2336 272
1036 2306 1078 2336 Et
1104 2305 1203 2345 perit]
1245 2305 1325 2345 Qui,
1356 2305 1476 2346 inquit,
1504 2305 1603 2337 caede

187 2360 251 2388 267
274 2357 376 2397 Licin]
407 2357 537 2389 Quibus
554 2368 717 2398 suspensa
733 2369 846 2390 eorum
903 2356 1043 2387 alterius
1060 2356 1135 2386 Rex
1154 2355 1371 2387 Nemorensis
1383 2359 1520 2387 creatus
1540 2360 1604 2397 est',

146 2407 235 2438 dona
253 2407 309 2446 qui
328 2407 413 2437 Deae
438 2406 554 2438 favore
579 2413 735 2439 votorum
759 2419 847 2440 com-
902 2416 978 2438 cum
994 2405 1117 2437 fortior
1136 2406 1287 2437 occurrit
1307 2405 1519 2436 adversarius
1534 2406 1602 2445 pri-

146 2462 244 2500 potes
262 2456 346 2487 facti
359 2456 505 2489 fuerant.
901 2461 1000 2488 vatur
1022 2457 1152 2497 pariter
1173 2460 1209 2486 et
1225 2465 1328 2495 regno
1345 2460 1380 2486 et
1397 2455 1602 2487 sacerdotio.

186 2511 250 2539 268
277 2508 413 2546 Tabella]
451 2509 589 2548 Votiva,
616 2511 687 2541 scil.
719 2512 750 2542 in
779 2522 845 2552 qua

142 2560 343 2600 inscriptum
370 2569 493 2589 nomen
522 2561 596 2599 ejus
625 2562 682 2600 qui
709 2572 845 2602 suspen-

145 2611 257 2650 deret,
273 2614 309 2641 et
329 2619 431 2642 causa
455 2610 538 2648 voti,
560 2620 617 2641 seu
642 2610 843 2644 beneficium

143 2665 336 2701 acceptum.

185 2714 245 2742 271
275 2710 397 2751 Regna]
421 2711 650 2742 Sacerdotium
666 2723 672 2741 :
690 2721 766 2742 uam
783 2713 838 2753 qui

141 2762 186 2794 ibi
203 2761 369 2793 Sacerdos
393 2762 402 2779 ‘
418 2761 492 2793 Rex
517 2761 750 2793 Nemonensis'
771 2763 839 2794 dic-

144 2818 206 2844 tus.

944 2510 1005 2538 273
1033 2505 1168 2544 Incerto]
1186 2505 1284 2535 Anne
1299 2505 1377 2545 quia
1393 2505 1477 2535 levis
1491 2514 1601 2535 susur-

899 2568 968 2596 rus,
987 2557 1040 2587 vel
1055 2556 1136 2597 quia
1151 2555 1286 2586 varius?
1332 2555 1494 2595 Neapolis
1524 2556 1533 2572 ‘
1551 2556 1598 2586 in-

898 2606 1040 2637 certum’
1065 2605 1175 2637 credit
1205 2604 1284 2645 quia
1306 2604 1363 2635 ubi
1392 2605 1436 2635 sit
1458 2605 1598 2646 ambigi-

898 2660 973 2693 tur;
1008 2659 1109 2696 atque
1137 2654 1266 2685 Nasoni
1301 2664 1486 2685 sermonem
1522 2664 1596 2686 esse

896 2705 978 2736 dicit
1008 2705 1048 2735 ‹le
1079 2704 1240 2744 fontibus,
1269 2705 1387 2745 qulbus
1411 2705 1516 2747 lacus,
1539 2706 1598 2748 qui

896 2757 940 2787 ibi
958 2760 1021 2793 est,
1039 2755 1209 2796 impletur.

936 2808 998 2836 274
1025 2805 1177 2845 Eri-iguis]
1199 2805 1288 2838 Quia
1305 2804 1440 2846 frigida.
