1773 3121
277 223 391 265 2060
767 234 810 264 r.
842 233 1003 264 ovmn
1034 232 1246 264 NAsoms

280 329 385 371 Hac
406 343 486 382 ego
508 329 732 383 Pelignos,
752 330 918 372 natalia
935 342 1049 380 rura,
1070 330 1276 384 petebam
1293 343 1305 381 3
1648 327 1732 368 685

337 398 498 448 Parva,
521 397 598 438 sed
619 397 812 439 assiduis
831 397 968 439 uvida
988 410 1165 452 semper
1184 398 1325 450 aquis.

281 464 490 518 Hospitis
511 466 677 520 antiqui
695 466 851 507 solitas
872 466 1130 507 intravimus
1153 465 1289 507 aedes.

337 532 572 574 Demserat
591 534 777 575 emeritis
798 534 892 588 jam
908 533 1015 587 juga
1035 533 1234 574 Phoebus
1255 530 1394 586 equis.

281 599 328 639 ls
348 599 454 639 mihi
473 601 612 641 multa
632 601 824 654 quidem,
845 600 924 642 sed
944 604 986 641 et
1006 600 1119 650 haec,
1141 613 1315 640 narrare
1334 597 1531 650 solebat3

335 667 465 708 Unde
486 681 631 708 meum
650 681 846 722 praesens
866 669 1143 709 instrueretur
1163 680 1275 722 opus
1293 681 1302 708 :
1645 664 1730 706 690

278 734 402 784 Hoc,
425 736 502 784 ait,
523 735 568 775 in
589 748 745 789 campo
773 735 1090 789 (campumque
1105 733 1314 788 ostendit)
1341 734 1532 775 habebat

336 802 435 842 Rus
453 804 584 844 breve
603 815 701 842 cum
722 802 830 842 duro
850 814 989 854 parca
1009 802 1166 842 colona
1186 805 1294 844 viro.

274 869 357 911 Ille
377 882 501 909 suam
520 869 756 921 peragebat
774 868 955 908 humum
973 882 982 908 ε
1016 870 1108 909 sive
1129 882 1234 910 usus
1253 871 1403 920 aratri,

333 936 437 977 Sive
459 949 584 976 cavae
606 935 747 985 falciS,
769 936 862 976 sive
884 935 1074 976 bidentis
1092 940 1200 977 erat.

278 1002 396 1044 Haec
415 1003 546 1044 modo
568 1004 767 1044 verrebat
786 1006 971 1044 stantem
993 1004 1172 1045 tibicine
1194 1003 1342 1046 villam
1361 1018 1371 1044 ι
1646 1002 1734 1044 695

332 1069 463 1111 Nunc
483 1070 634 1111 matris
655 1070 813 1124 plumis
835 1083 920 1111 ova
937 1071 1126 1112 fovenda
1146 1071 1296 1112 dabat.

276 1137 367 1179 Aut
387 1138 548 1178 virides
567 1139 756 1187 malvas,
778 1144 851 1178 aut
874 1139 1030 1191 fungos
1053 1139 1220 1191 colligit
1238 1139 1362 1179 albos
1379 1152 1388 1178 ε

331 1203 428 1245 Aut
444 1205 650 1244 humilem
672 1208 791 1256 grato
810 1205 991 1245 calfacit
1010 1205 1107 1256 igne
1126 1205 1288 1245 focum.

275 1271 335 1312 Et
352 1275 495 1313 tamen
516 1271 711 1312 assiduis
733 1277 908 1312 exercet
927 1272 1107 1312 brachia
1126 1272 1253 1323 telis;

331 1337 663 1390 Adversumque
683 1338 822 1377 minas
841 1338 1010 1390 frigoris
1033 1351 1151 1378 arma
1171 1341 1313 1391 parat.
1645 1339 1730 1379 700

273 1438 325 1468 sed
336 1437 433 1467 solum
440 1436 618 1474 seecundum
633 1436 748 1466 tritico.
797 1436 864 1474 Ego
887 1435 942 1466 hac
966 1435 1162 1466 comedebam
1189 1436 1221 1465 z'n
1241 1435 1390 1474 Pelignos
1412 1445 1504 1474 agros
1518 1436 1646 1475 natales,
1662 1436 1730 1467 exi-

271 1489 362 1519 guos,
376 1480 428 1509 secl
444 1479 650 1509 indesinenter
665 1478 803 1509 humidos
827 1479 914 1518 aquis
931 1478 1074 1517 jugibus.
1122 1477 1262 1516 Ingressi
1289 1487 1392 1508 snmus
1413 1479 1535 1508 domum
1556 1481 1730 1509 consuetam

274 1522 385 1552 veteris
415 1521 554 1560 hospitis.
598 1522 675 1551 Jam
693 1521 824 1551 Phoebus
849 1522 1002 1552 levat-erat
1017 1522 1096 1560 jugo
1115 1530 1206 1560 equos
1228 1520 1324 1561 officio
1341 1519 1480 1557 functos.
1524 1519 1582 1551 Ille
1608 1520 1731 1560 quidem

272 1567 468 1594 consueverat
492 1563 569 1594 mihi
584 1563 701 1602 referre
717 1564 824 1602 multa,
838 1573 943 1594 verum
958 1564 1021 1594 kaec
1045 1563 1150 1601 etiam,
1175 1563 1281 1603 quibus
1303 1573 1439 1603 praesens
1463 1572 1536 1602 opus
1550 1566 1729 1601 angeretur.

273 1607 314 1637 In
327 1606 382 1637 hoc
396 1616 484 1646 agro,
501 1607 614 1646 inquit,
631 1609 723 1645 atque
739 1609 889 1636 monstrat
905 1616 1028 1645 agrum,
1055 1608 1170 1636 Colona
1186 1605 1279 1645 frugi
1294 1615 1363 1636 cam
1378 1615 1483 1645 aspero
1499 1605 1612 1636 marito
1632 1605 1730 1645 potie-

274 1650 364 1680 batur
387 1649 472 1679 tenui
495 1659 578 1679 arvo.
625 1649 684 1679 Ille
709 1649 863 1679 excolebat
877 1659 964 1679 suam
979 1652 1095 1680 terram
1107 1659 1119 1685 ;
1142 1648 1206 1679 sive
1234 1658 1307 1688 opus
1330 1651 1435 1678 aratro
1451 1650 1540 1687 esset,
1555 1648 1620 1679 sive
1635 1657 1730 1678 curva.

263 1692 361 1730 falce,
377 1701 427 1722 seu
444 1692 556 1731 ligone.
601 1691 682 1722 Hoec
697 1702 775 1722 nunc
795 1691 949 1731 purgabat
973 1692 1078 1722 villam
1106 1691 1280 1731 impositam
1298 1690 1425 1728 sidero:
1448 1700 1527 1721 nunc
1543 1689 1729 1731 supponebat

272 1745 328 1765 ova
342 1734 513 1765 incubanda
526 1734 639 1774 plumis
654 1734 777 1765 matris.
829 1735 883 1765 Vel
898 1734 975 1773 legit
990 1735 1105 1764 malcas
1128 1734 1255 1770 virides,
1283 1734 1331 1764 tel
1345 1732 1464 1772 fungos
1485 1732 1587 1764 albos.-
1609 1733 1658 1764 vel
1680 1742 1731 1763 ac-

273 1777 375 1808 cendit
391 1777 463 1815 igne
485 1780 603 1807 tenuem
619 1777 738 1814 focum.
788 1777 830 1806 Et
846 1777 1044 1808 nihilominus
1060 1777 1217 1815 negotium
1224 1775 1355 1814 facessit
1380 1775 1515 1806 brachiis
1537 1776 1606 1806 telis
1631 1774 1729 1806 conti-

272 1820 342 1850 nuis
352 1830 364 1857 ;
387 1823 478 1859 atque
493 1821 622 1850 adornat
634 1819 784 1860 praesidia
799 1821 944 1850 adversus
958 1820 1058 1850 minas
1064 1819 1210 1858 frigoris.
1257 1819 1360 1850 Filius
1380 1819 1468 1857 hujus
1487 1821 1555 1849 erat
1566 1821 1729 1859 protervus

879 1893 1115 1904 eeeeeeeeeeee

270 1934 349 1973 gida
373 1935 510 1966 Carseoli
534 1939 629 1966 terra.
675 1936 762 1966 Nam
790 1936 1075 1973 Zulichemiauue,
1095 1946 1170 1976 pars
1195 1936 1278 1967 eolis
1302 1936 1528 1967 Heius—686
1555 1935 1656 1965 Uvida
1671 1938 1726 1966 est

273 1985 316 2006 ex
328 1976 448 2007 Heins.
466 1978 599 2008 emend.
617 1978 706 2017 quod
724 1983 759 2008 et
777 1978 820 2008 O.
836 1979 939 2009 habet
955 1988 1015 2018 pro
1029 1988 1097 2009 var.
1111 1980 1192 2009 lect.
1209 1978 1296 2009 obvia
1313 1983 1398 2009 vett.
1415 1986 1534 2017 inagna
1551 1986 1592 2007 ex
1607 1981 1723 2015 parte:

273 2021 309 2048 et
324 2019 421 2049 multi
436 2020 679 2051 humida—687
704 2020 837 2050 Zulich.
861 2021 956 2051 Voss.
979 2020 1108 2051 Arund.
1132 2027 1167 2051 et
1183 2021 1238 2051 alii
1265 2024 1330 2051 ant.
1350 2020 1438 2061 fidas
1462 2021 1646 2051 intr.-689
1669 2019 1723 2051 Fr.

272 2058 370 2090 deest
385 2064 534 2092 et.—690
559 2062 625 2092 Pro
643 2073 740 2093 meum
757 2063 878 2093 Heim.
896 2063 1014 2093 mallet
1031 2063 1229 2094 mihil—694
1251 2063 1325 2093 Sive
1339 2072 1421 2092 σαι-ιε
1437 2071 1478 2092 ex
1496 2071 1546 2100 pr.
1565 2060 1606 2091 Α.
1622 2061 1723 2101 Laeti,

272 2111 324 2142 pr.
338 2102 377 2132 F.
392 2107 427 2132 et
450 2113 509 2133 sex
520 2103 593 2133 aliis
617 2104 734 2134 Heius.
749 2104 880 2144 profert
895 2115 901 2134 :
925 2105 1015 2143 vulg.
1040 2104 1101 2134 Seu
1116 2114 1233 2134 cartre:
1257 2105 1344 2134 alter
1360 2104 1446 2134 Maz.
1471 2103 1543 2134 Sit-e
1558 2104 1724 2134 citrum—

270 2146 332 2174 695
350 2144 493 2175 Stantem
508 2145 633 2175 tibicine
648 2146 763 2176 Ursin.
779 2147 904 2176 Mazar.
927 2147 1056 2177 Zulich.
1076 2147 1225 2185 Nauger.
1240 2147 1338 2177 Voss.
1363 2152 1398 2176 et
1412 2151 1481 2177 tres
1505 2146 1561 2176 alii
1576 2157 1585 2184 ;
1610 2146 1696 2177 bene
1711 2156 1719 2178 z

271 2191 428 2227 quatuor,
449 2188 545 2217 stanti
560 2187 685 2218 tibicine
710 2188 836 2224 villam;
861 2188 1136 2228 quidam‚telam;
1161 2189 1265 2225 malm
1290 2198 1365 2219 nam
1384 2189 1426 2219 de
1450 2189 1511 2219 tela
1528 2198 1604 2219 mox
1620 2193 1720 2228 aget:

271 2230 513 2268 nonnulli,raro
525 2229 651 2261 tibicine
665 2234 809 2270 pratum:
827 2230 1025 2270 Zulich.pro
1037 2230 1336 2270 diversalectfflne,
1350 2231 1447 2262 stanti
1459 2231 1588 2262 tibicine
1602 2232 1722 2263 cellam.

271 2270 342 2301 Alii
359 2272 478 2302 aliter:
505 2282 563 2303 nos
593 2282 703 2303 veram
719 2274 900 2303 lectionem
923 2274 1157 2313 expressimus.
1183 2274 1294 2305 Heins.
1338 2274 1425 2304 Scal.
1442 2273 1574 2304 Poetic.
1600 2273 1656 2305 lib.
1672 2283 1721 2305 lv.

271 2323 350 2354 pag.
366 2317 440 2346 462.
452 2314 592 2354 praefert
619 2316 788 2356 antiquam
806 2316 1000 2354 lectionem,
1028 2315 1176 2347 Verrebat
1186 2326 1256 2347 raro
1271 2326 1338 2347 cum
1350 2317 1471 2356 pectine
1482 2319 1609 2347 terram.
1653 2315 1723 2347 Sed

270 2361 366 2387 recte
393 2358 457 2388 viri
485 2357 578 2388 docti
605 2363 807 2397 receperunt
833 2359 1034 2398 optimorum
1063 2359 1219 2389 codicum
1243 2359 1446 2390 lectionem:
1471 2359 1570 2390 stanti
1593 2358 1721 2389 tibicine

266 2401 391 2437 partum
407 2400 572 2431 Bernens.
598 2401 653 2430 alii
671 2401 781 2431 aliter.
829 2400 929 2441 Apud
945 2401 1101 2432 Juvenal.
1132 2401 1201 2433 Sat.
1227 2411 1283 2432 111.
1308 2403 1477 2441 interpres
1502 2409 1600 2431 vetus
1616 2401 1718 2431 inter-

269 2444 425 2479 pretatur
451 2442 554 2472 urbem
578 2443 703 2473 tibicine
721 2443 850 2483 fultam,
874 2443 1078 2475 tibicinatam.
1121 2445 1249 2475 Verrere
1266 2445 1369 2475 villum
1385 2443 1544 2474 convenit
1560 2442 1717 2473 rusticae:

269 2491 346 2512 nam
362 2483 424 2513 hoc
441 2483 588 2514 officium
605 2486 777 2524 diligentis
802 2486 1058 2517 matrisfamiliae
1076 2487 1261 2517 humilioris
1276 2497 1284 2523 ;
1309 2487 1342 2517 in
1361 2487 1586 2524 potentiorum
1603 2489 1718 2515 autem

270 2523 423 2556 domibus
439 2526 473 2556 id
490 2527 620 2557 ancillae
638 2528 794 2566 obibant;
813 2535 849 2559 ut
866 2529 1042 2569 Polyxena
1059 2529 1148 2568 apud
1165 2529 1318 2569 Euripid.
1346 2528 1434 2558 Hec.
1450 2530 1523 2558 366.
1571 2526 1718 2568 Προσθεὶς

915 2614 946 2644 Ν
953 2613 1053 2644 OTAE

310 2678 374 2707 688
397 2675 576 2715 Demserat]
606 2676 684 2707 Nox
701 2676 921 2708 adventabat.
1059 2680 1120 2709 695
1146 2677 1300 2717 Tibicine]
1327 2678 1525 2709 structuras
1548 2679 1634 2711 dicit
1656 2690 1715 2712 seu

311 2728 374 2756 690
397 2724 555 2764 Proesem]
583 2725 771 2766 Fastorum,
785 2727 928 2759 scilicet.
1017 2729 1126 2761 fulcra
1140 2729 1261 2772 quibus
1283 2730 1402 2762 domus
1418 2730 1658 2764 sustinebatur.

312 2780 374 2809 693
397 2777 586 2818 Peragebat]
615 2778 767 2811 Colebat.
