1773 3121
258 253 371 296 1974
743 265 782 295 P.
814 264 971 294 ovlon
1006 262 1218 294 NASOle

259 359 461 401 Creditur
480 359 551 399 hic
572 370 702 401 caesae
724 358 902 412 gravida
923 358 1093 399 cervice
1116 357 1318 398 Medusae

317 426 535 479 Sanguine
557 426 769 480 respersis
789 426 1048 479 prosiluisse
1064 426 1200 480 jubis.

259 493 378 535 Huic
399 507 530 547 supra
550 495 688 535 nubes
711 497 754 535 et
774 495 918 535 subter
939 494 1082 534 sidera
1102 494 1227 546 lapso

315 559 487 602 Coelum
506 575 584 615 pro
605 566 731 612 terra,
751 575 831 615 pro
852 562 967 615 pede
987 574 1134 614 penna
1153 561 1248 600 suit.

256 627 446 681 Jamque
466 628 704 682 indignanti
725 642 839 670 nova
858 629 994 669 fraena
1015 630 1234 681 receperat
1254 639 1343 677 ore,

315 693 425 735 Cum
445 696 553 736 levis
574 695 742 736 Aonias
764 696 926 748 ungula
946 695 1056 736 fodit
1077 708 1232 747 aquas.

257 759 388 802 Nunc
410 762 562 802 fruitur
584 763 715 812 coelo,
737 763 856 815 quod
878 764 1032 815 pennis
1054 766 1151 802 ante
1174 761 1346 813 petebat
1364 774 1374 801 :

315 828 372 869 Et
391 829 559 869 nitidus
582 829 721 869 stellis
743 829 936 881 quinque
959 828 1195 879 decemque
1215 828 1362 868 micat.

257 895 487 935 PROTINU
495 905 517 935 S
540 895 734 947 aspicies
757 894 944 933 venienti
967 897 1092 933 nocte
1115 893 1333 934 Coronam

314 960 523 1001 Gnosida.
570 961 742 1001 Theseo
761 961 936 1001 crimine
957 960 1078 1000 facta
1098 960 1194 1000 Dea
1213 964 1294 1000 est.

255 1027 284 1068 J
288 1040 358 1067 am
373 1029 480 1068 bene
503 1028 677 1081 perjuro
696 1030 886 1068 mutarat
906 1027 1086 1081 conjuge
1108 1026 1347 1076 Bacchum,

314 1094 430 1145 Quae
454 1095 572 1137 dedit
591 1097 757 1149 ingrato
777 1095 853 1136 fila
870 1094 1051 1147 legenda
1071 1095 1180 1135 viro.

257 1162 382 1203 Sorte
402 1164 483 1203 tori
503 1163 710 1215 gaudens,
733 1163 878 1213 Quem
898 1163 1057 1203 flebam
1078 1163 1256 1211 rustica,
1279 1161 1409 1211 dixit,

314 1228 491 1270 Utiliter
509 1230 638 1270 nobis
659 1229 851 1283 perfidus
874 1229 947 1269 ille
967 1228 1059 1269 fuit.

1623 625 1711 688 4⁵⁵

1626 959 1710 1000 460

257 1349 327 1390 equi
345 1349 510 1389 Gorgonei.
556 1350 622 1381 Hic
638 1351 754 1381 dicitur
766 1351 917 1391 prodiisse
939 1360 978 1381 esc
992 1351 1105 1381 cervice
1118 1349 1253 1389 gravida
1270 1349 1410 1379 Medusae
1422 1347 1608 1387 interfectae,
1623 1348 1714 1388 jubis

256 1391 382 1429 infectis
397 1393 558 1431 sanguine.
607 1394 726 1423 Coelum
735 1393 802 1431 suit
826 1403 881 1433 pro
905 1398 1002 1431 terra,
1024 1397 1053 1423 et
1077 1402 1175 1433 penna
1196 1400 1253 1431 pro
1277 1392 1352 1431 pede
1376 1391 1447 1421 huic
1469 1393 1604 1422 currenti
1617 1402 1712 1432 supra

257 1434 351 1464 nubes
377 1437 407 1465 et
421 1435 476 1463 sub
491 1435 606 1464 stellas.
652 1436 782 1473 Jamque
804 1439 959 1475 receperat
977 1436 1085 1470 froena
1111 1444 1162 1464 ore
1185 1436 1386 1473 repugnante,
1412 1443 1480 1463 cum
1501 1434 1573 1464 letis
1597 1436 1712 1473 ungula

257 1475 379 1515 aperuit
394 1486 489 1514 aquas
503 1477 631 1507 Aonias.
668 1477 761 1507 Nunc
772 1478 889 1515 gaudet
905 1478 988 1515 coelo,
999 1477 1031 1507 in
1045 1477 1123 1516 quod
1137 1476 1224 1515 privs
1239 1475 1436 1506 contendebat
1451 1476 1520 1514 alis,
1534 1479 1562 1506 et
1577 1477 1711 1516 splendi-

257 1519 314 1548 dus
321 1517 429 1555 fulget
443 1518 616 1557 quindecim
630 1520 821 1550 stellis—
832 1520 986 1550 Continuo
998 1519 1114 1550 ridebis
1127 1519 1278 1548 Coronam
1291 1517 1455 1548 Gnossiam
1464 1521 1551 1548 nocte
1560 1522 1713 1557 sequente.

259 1560 359 1590 Facta
375 1563 418 1590 est
435 1560 506 1591 Dea
522 1562 650 1592 crimine
670 1562 795 1593 Theseo.
840 1563 914 1592 Jam
929 1572 996 1602 quoe
1011 1562 1143 1593 tradidit
1149 1561 1211 1602 fila
1227 1561 1405 1591 revolvenda
1420 1561 1489 1590 viro
1502 1559 1627 1598 ingrato
1634 1559 1711 1597 feli-

258 1602 336 1633 citer
350 1605 522 1634 mutaverat
538 1604 697 1634 Bacchum
711 1605 824 1635 marito
835 1606 969 1645 perjuro.
1007 1605 1097 1635 Laeta
1111 1607 1192 1635 sorte
1207 1603 1289 1641 lecti,
1305 1602 1506 1637 Quamobrem
1521 1602 1713 1642 lacrymabar

256 1643 388 1686 inepta?
414 1646 528 1686 inquit.
579 1646 635 1677 Ille
653 1647 722 1685 suit
739 1647 823 1678 nobis
836 1648 980 1688 perjurus
994 1657 1061 1678 cum
1077 1646 1198 1685 fructu.
1243 1646 1368 1676 Interea
1382 1644 1477 1676 Liber
1488 1644 1605 1684 subigit
1618 1645 1713 1677 Indos

869 1730 965 1742 oeteo
970 1730 1105 1742 eeteeee

258 1782 481 1824 distinguunt,
511 1784 559 1816 ita
582 1786 690 1816 stellae
716 1786 847 1817 coelum.
872 1786 1093 1816 Burm.-452
1116 1784 1210 1816 dubis
1232 1794 1274 1815 ex
1301 1783 1415 1815 Ursin.
1441 1783 1589 1824 Nauger.
1616 1783 1710 1815 Maz.

257 1826 387 1858 Zulicll.
404 1831 439 1857 et
456 1827 563 1858 tribus
580 1828 673 1866 aliis;
698 1830 787 1869 vulg.
799 1829 910 1860 comis.-
935 1828 970 1858 in
985 1828 1029 1859 O.
1047 1837 1108 1868 pro
1126 1838 1194 1858 var.
1208 1827 1505 1866 lect.jugis.—454
1528 1827 1626 1857 Voss.
1649 1827 1711 1857 Cui

257 1867 314 1900 leo.
339 1869 420 1900 Mox
429 1869 519 1907 fudit
536 1870 653 1902 Heins.
679 1872 829 1911 reposuit
843 1881 884 1902 ex
904 1872 994 1902 Maz.
1017 1870 1146 1901 Zulicb.
1164 1879 1214 1910 pr.
1231 1869 1272 1900 A.
1289 1870 1387 1908 Laeti,
1402 1869 1499 1900 Voss.
1515 1873 1551 1900 et
1566 1872 1712 1910 quatuor

257 1911 330 1941 aliis
348 1921 407 1951 pro
424 1912 514 1952 vulg.
533 1911 641 1950 fodit.-
665 1914 742 1945 Pet.
758 1919 793 1944 et
821 1914 906 1944 alius
922 1912 1028 1950 secit;
1056 1922 1141 1943 unus
1159 1912 1361 1949 fouit.-—461
1387 1911 1455 1941 Pro
1469 1911 1592 1951 perjuro
1609 1911 1709 1943 Voss.

256 1962 312 1991 pro
329 1954 428 1991 juro;
452 1954 541 1994 quod
565 1955 685 1987 Heius.
706 1961 806 1996 putat
830 1966 886 1996 pro
908 1956 1103 1985 dum—462
1125 1954 1270 1992 Legenda
1294 1953 1444 1992 Nauger.
1469 1953 1557 1983 Maz.
1574 1952 1708 1984 Zulich.

258 1994 389 2026 Arund.
417 1996 532 2027 Ursin.
561 1997 675 2029 Helm.
712 2002 747 2029 et
774 1998 850 2036 alii;
889 1998 979 2037 vulg.
1015 1997 1267 2036 regenda-463
1294 1995 1396 2034 Vulg.
1421 1995 1494 2034 quid
1520 2003 1581 2035 pro
1605 2004 1708 2035 quem.-

910 2081 1048 2113 NOTAE

300 2155 361 2184 451
397 2154 557 2195 Creditur]
600 2155 707 2194 Beue,
743 2154 751 2170 ‘
770 2153 953 2185 crediturz’

258 2211 402 2244 namque
419 2203 506 2234 idem
534 2208 585 2235 est
614 2214 718 2245 prope
744 2214 783 2234 ac
809 2204 835 2234 si
862 2204 954 2235 dicas

257 2251 465 2283 ‘fabulosum
489 2253 565 2285 est!
610 2254 689 2285 Fuit
706 2263 784 2285 vero
801 2254 954 2294 Pegasus

258 2302 353 2333 navis
365 2312 498 2342 nomen,
510 2314 576 2344 qua
586 2309 704 2335 vectus
717 2304 954 2345 Bellerophon.

301 2356 364 2385 454
389 2354 510 2393 Penna]
534 2355 623 2386 Quia
641 2355 760 2386 alatus.

301 2405 365 2433 456
387 2403 493 2442 Levis]
517 2404 646 2443 Utpote
663 2404 755 2436 alati.

251 2462 253 2465 ¹
301 2451 433 2492 Aonias]
469 2454 642 2484 Boeotias:
676 2459 835 2485 montana
865 2454 954 2484 enim

259 2502 332 2543 ejus
359 2502 504 2542 regionis
527 2513 602 2543 pars
630 2504 737 2534 Aonia
760 2504 894 2543 dicitur,
921 2505 954 2533 in

259 2561 323 2592 qua
347 2561 437 2582 mons
455 2552 611 2592 Helicon,
636 2553 744 2584 Musis
766 2562 874 2592 sacer,
901 2552 957 2583 ubi

259 2599 628 2641 fonsHippm-renesvu
641 2602 847 2641 Cabalfinus,
857 2612 955 2643 quem

260 2650 356 2691 pedis
373 2652 469 2692 pulsu
490 2652 638 2692 Pegasus
656 2662 762 2693 equus
780 2653 928 2692 aperuit.

303 2706 366 2734 458
392 2703 531 2744 Quinque
556 2704 728 2744 decemque]
753 2704 873 2734 Plures
899 2704 956 2734 ha-

262 2754 321 2784 bot
338 2754 516 2795 Hyginus;
540 2763 641 2795 quem
653 2754 742 2786 vide.

304 2806 366 2834 459
387 2804 539 2844 l'enienti]
556 2804 687 2836 Octavo
696 2805 849 2846 adeoque
862 2804 957 2837 Idus.

1052 2156 1115 2184 460
1143 2152 1296 2193 Gnosida]
1322 2152 1373 2184 Ab
1390 2152 1553 2193 Ariadne,
1579 2153 1707 2194 Gnoso,

1009 2204 1122 2235 Cretae
1139 2204 1233 2243 urbe,
1245 2203 1400 2243 oriunda,
1416 2203 1540 2235 Minois
1556 2203 1638 2243 filia,
1650 2214 1712 2235 no·

1008 2263 1085 2285 men
1102 2254 1219 2285 habuit
1235 2255 1307 2285 liaec
1325 2254 1471 2293 Corona,
1495 2264 1594 2296 quam
1617 2264 1637 2286 a
1653 2255 1708 2286 Li-

1009 2304 1091 2335 bero
1108 2309 1220 2345 patre,
1236 2305 1288 2335 vel
1305 2314 1323 2335 a
1347 2305 1496 2343 Venere,
1518 2309 1554 2336 ut
1570 2305 1707 2346 quibus-

1009 2353 1097 2392 dam,
1113 2360 1230 2385 nostro
1257 2354 1358 2385 etiarn
1387 2355 1514 2395 placet,
1539 2355 1629 2386 dono
1654 2365 1710 2387 ac-

1009 2409 1158 2444 ceperat.

1054 2454 1141 2494 Dea]
1164 2453 1316 2484 Ariadne
1343 2453 1415 2493 ipsa
1442 2452 1535 2484 facta
1558 2456 1612 2484 est
1627 2453 1707 2485 Dea

1010 2503 1130 2533 Thesei
1149 2503 1311 2540 crimine;
1335 2512 1433 2543 quam
1451 2502 1607 2534 Liberam
1623 2503 1708 2536 Bac·

1012 2555 1092 2584 clius
1124 2555 1319 2594 appellavit.
1375 2553 1515 2584 Prolixe
1543 2554 1644 2586 habes
1672 2556 1707 2587 in

1013 2604 1175 2644 Epistolis
1213 2603 1421 2634 Hei-oidibus
1457 2608 1563 2635 totam
1599 2615 1709 2647 prope

1011 2654 1083 2692 ejus
1101 2654 1284 2684 historiam.

1052 2707 1113 2735 461
1139 2703 1240 2743 Beue]
1263 2703 1350 2736 Quia
1377 2713 1437 2744 pro
1452 2703 1584 2736 homine
1606 2704 1705 2746 perfi-

1011 2753 1065 2793 do,
1079 2753 1213 2785 fidelem
1230 2754 1352 2795 Deum,
1368 2753 1553 2795 Bacchum,
1567 2755 1640 2787 scil.
1657 2755 1706 2786 in-

1012 2808 1164 2835 venerat.
