1773 3121
579 241 843 273 ms‘ronum
878 240 976 271 ΜΒ.
1012 242 1042 272 1.
1426 232 1536 275 1801

82 336 313 392 Officiique
333 339 475 380 levem
493 349 581 377 nou
598 339 823 377 aversatus
841 336 1063 388 honorem,
1514 340 1542 379 5

142 405 196 446 In
214 406 293 446 tibi
314 405 472 445 devoto
492 415 667 444 munere
684 403 836 444 dexter
856 404 980 445 ades.

83 471 223 513 Sacra
241 483 526 524 recognosces
545 469 798 511 Annalibus
819 475 944 512 eruta
963 471 1126 524 priscis
1143 485 1155 524 ;

139 539 197 580 Et
216 552 302 593 quo
323 539 381 579 sit
401 538 554 579 merito
575 550 766 592 quaeque
785 541 938 579 notata
957 538 1074 580 dies.

82 606 287 648 Invenies
305 605 396 646 illic
418 609 462 646 et
480 604 596 646 festa
615 604 863 646 domestica
883 605 1040 647 vobis:

137 673 269 727 Saepe
289 673 368 714 tibi
390 672 524 714 Pater
543 677 624 722 est,
646 685 766 726 saepe
782 672 992 726 legendus
1010 672 1156 715 Avus.
1485 676 1541 717 10

76 813 194 843 serena,
211 807 241 835 et
255 804 358 844 dirige
383 804 466 835 tiam
488 803 603 845 cymbae
632 805 764 845 pavidae.
811 804 855 835 Et
871 814 930 836 non
945 805 1131 845 dedignatus
1146 808 1266 836 tenuem
1282 804 1426 836 honorem
1448 805 1541 847 officii

77 847 155 885 mei,
177 856 244 878 ecce
259 848 363 878 adesto
377 847 532 887 propitius
547 848 624 878 dono
640 847 698 878 tibi
714 850 899 878 consecrato.
948 848 1072 883 Recoles
1086 857 1174 878 sacra
1194 849 1335 878 desumto
1349 857 1389 879 ex
1403 849 1540 888 antiquis

77 889 271 926 Annalibus5
294 893 323 920 et
339 900 395 930 quo
410 891 520 921 merito
533 890 650 929 singuli
673 891 739 921 «nes
752 890 816 921 sint
829 890 960 930 signati.
1010 891 1156 931 Reperies
1167 900 1284 931 quoque
1299 890 1343 920 ibi
1353 890 1440 930 festa
1455 891 1540 921 vohis

76 932 252 964 domestica.
296 933 394 964 Pater
410 936 456 964 est
472 933 531 964 tibi
544 942 624 973 saepe
645 934 801 972 legendus,
823 942 903 972 saepe
919 934 1012 965 Acus.
1061 934 1108 964 Tu
1122 933 1219 964 etiam
1233 933 1417 971 cumfratre
1434 933 1541 965 Druso

697 1023 790 1034 m

75 1078 157 1117 sign.
173 1082 321 1108 cano.—-5
349 1078 509 1120 officiique
522 1079 630 1110 Fulvii
647 1080 761 1111 Ursini
775 1079 863 1110 liber
878 1079 1027 1110 omnium
1050 1077 1253 1109 veterrimus
1267 1087 1306 1109 ac
1323 1077 1484 1118 optimus,
1501 1078 1540 1109 li-

78 1121 160 1151 teris
181 1121 447 1161 Longobardicis
468 1132 525 1152 seu
547 1122 720 1153 Saxonicis
736 1127 909 1159 exaratus,
925 1121 981 1162 qui
998 1121 1031 1151 in
1053 1121 1223 1151 Vaticana
1240 1125 1340 1150 extat
1359 1120 1540 1152 bibliothe-

77 1171 129 1202 ca,
146 1163 201 1194 alii
218 1163 321 1194 etiam
345 1164 498 1195 nonnulli
525 1173 568 1194 ex
594 1164 809 1195 melioribus:
837 1168 941 1194 recte.
968 1163 1077 1194 Heius.
1100 1163 1201 1202 Vulg.
1232 1162 1410 1203 Officioque.
1454 1163 1540 1193 Tum

77 1214 161 1236 unus
178 1206 214 1236 F.
236 1205 372 1236 bret-em:
397 1211 433 1237 et
449 1215 526 1237 mox
542 1207 693 1237 nonnulli
709 1207 913 1242 adversatum,-
936 1210 1082 1246 quatuor
1105 1214 1183 1236 eum
1208 1204 1264 1235 Fr.
1293 1213 1353 1244 pro
1372 1214 1444 1236 var.
1458 1205 1540 1236 leet.

74 1247 282 1287 dedignatum
307 1257 390 1278 unus
415 1251 674 1289 aspernatus—6
696 1249 798 1290 Vulg.
827 1248 996 1279 edebatur
1023 1247 1111 1278 Huic
1136 1250 1161 1278 t.
1187 1248 1219 1277 d.
1246 1247 1371 1278 numine
1394 1248 1426 1278 d.
1451 1247 1539 1279 Cod.

75 1290 172 1322 Fulv.
202 1289 316 1322 Ursiu.
351 1291 580 1322 En...munere:
619 1291 652 1321 in
681 1291 852 1323 nonnullis
884 1290 1080 1332 Naugerius
1108 1290 1239 1330 reperit
1270 1289 1539 1321 Huic...munere.·

75 1331 194 1364 Heius.
208 1342 297 1364 corr.
322 1332 600 1365 In...munere.—7
625 1334 678 1365 Fr.
705 1343 767 1374 pro
793 1344 863 1365 var.
892 1334 973 1365 lect.
1008 1332 1099 1365 Sacr.
1123 1341 1322 1372 recognoscas
1336 1334 1377 1364 A.
1423 1332 1463 1364 In
1480 1342 1539 1364 ex-

74 1379 183 1416 cerpt.
199 1375 296 1408 Voss.
319 1376 362 1407 A.
389 1377 474 1407 edita
499 1386 551 1417 pr.
577 1386 662 1408 unus
689 1377 777 1409 Mor.
809 1386 870 1418 pro
897 1386 969 1408 var.
993 1377 1071 1408 lect.
1104 1375 1215 1407 oblita.
1261 1374 1328 1407 Pro
1342 1375 1456 1416 priscis
1471 1375 1539 1406 duo

76 1417 184 1450 Codd.
210 1418 334 1459 primis.
382 1418 423 1450 In
450 1419 512 1450 Be.
540 1425 616 1451 erat
642 1421 684 1451 A.
711 1423 800 1451 eruta
826 1419 992 1451 libris.—8
1017 1418 1201 1459 Gottorph.
1218 1417 1313 1450 Med.
1329 1423 1365 1449 et
1381 1418 1421 1448 V.
1437 1428 1537 1459 φησι.

74 1462 212 1493 notanda
233 1462 266 1493 d.
307 1461 437 1494 Thnan.
463 1467 498 1494 et
526 1463 610 1494 alius
634 1467 781 1500 sacrata,·
806 1463 844 1495 F.
872 1465 1059 1494 vocata.-9
1081 1461 1164 1494 Jun.
1182 1464 1215 1492 ut
1234 1470 1296 1502 pro
1311 1464 1354 1492 et.
1400 1461 1538 1492 Deinde

738 1569 884 1602 NOTAE

76 1642 285 1674 horizontem
307 1642 552 1682 descendente,
568 1647 670 1683 atque
694 1643 780 1674 adeo

75 1693 110 1724 in
137 1692 248 1734 primo
272 1692 382 1723 noctis
414 1693 571 1731 termino,
586 1692 698 1723 sidera
722 1698 780 1723 aut

75 1742 202 1774 cadunt
218 1747 277 1774 aut
298 1743 511 1774 exoriuntur.

118 1796 138 1825 ³
155 1794 289 1834 Pacato]
312 1793 390 1824 Non
408 1794 508 1832 irato,
522 1791 620 1824 sicuti
640 1791 778 1824 Amato-

74 1845 140 1876 rios
161 1845 272 1885 poetae
295 1843 428 1875 libellos
442 1843 613 1884 Augustus
625 1842 777 1881 viderat;

75 1894 134 1927 sed
148 1894 217 1926 leni
231 1899 266 1925 et
281 1894 456 1926 benevolo.

119 1943 323 1984 Germanice]
336 1943 404 1974 Hic
416 1943 516 1974 Drusi
528 1942 661 1975 Claudii
673 1943 780 1974 Nero-

74 1994 128 2027 nis
143 1993 210 2026 fuit
231 1993 333 2032 filius,
348 1992 446 2033 cujus
461 1992 617 2024 Tiberius
638 1998 779 2034 patruus

76 2044 142 2078 fuit
172 2049 307 2083 natura,
330 2043 470 2081 deinde,
503 2043 647 2084 Augusti
669 2043 779 2083 jussu,

79 2101 181 2139 pater
197 2106 258 2138 per
270 2095 499 2136 adoptionem.
528 2094 683 2135 Augusto
697 2105 780 2135 opus

77 2156 172 2179 suum
194 2146 418 2187 inscripserat
439 2145 543 2184 Naso,
566 2145 614 2176 uti
636 2150 781 2186 apparet

78 2207 122 2231 ex
149 2207 192 2230 ιι.
218 2198 398 2236 Tristiuni;
436 2206 553 2228 verum
591 2195 779 2228 editionem

75 2247 154 2281 libri
171 2252 206 2280 et
233 2247 344 2289 poeta·
373 2247 578 2278 sententiam
601 2247 781 2289 impedivit

78 2297 310 2340 indigni-sima
325 2297 400 2338 ejiis
418 2297 596 2336 relegatio.

118 2351 138 2381 ⁴
163 2348 311 2389 fimidoe]
342 2347 419 2380 Hac
436 2347 635 2388 metaphora
650 2347 777 2388 ingenii

76 2398 128 2431 sui
157 2398 407 2430 moderatorem
435 2396 570 2437 expetit
598 2397 777 2428 Germani-

77 2458 166 2489 eum,
180 2458 248 2480 nou
259 2448 333 2480 sine
347 2454 429 2489 apta
440 2446 611 2488 cautione,
626 2453 661 2479 et
677 2452 778 2479 canta

78 2498 281 2532 adulatione.

119 2554 138 2582 ⁶
164 2549 283 2593 Officii]
310 2549 394 2590 Mei,
408 2549 496 2592 quod
511 2560 552 2581 ex
565 2554 702 2581 sacrato
715 2548 777 2580 tibi

79 2608 181 2641 opere
197 2610 333 2642 quoque
349 2600 449 2632 modo
462 2606 617 2642 apparet.

122 2652 144 2682 ὓ
167 2649 221 2691 ln]
251 2650 401 2682 Omnino
418 2661 479 2691 pro
488 2652 550 2691 En,
563 2651 600 2682 In
613 2660 777 2692 reponen-

81 2698 159 2731 dum
171 2699 393 2737 noemmin.
404 2700 546 2733 Heinsio
563 2701 779 2741 admonente,

82 2747 297 2780 crediderim.

123 2801 141 2830 7
162 2797 382 2840 Rei-omn]
410 2799 634 2833 nocui-imus
650 2801 778 2845 quippe

834 1642 898 1673 fuit
914 1643 1153 1674 Germanicus.

878 1692 1068 1732 Annalibus]
1106 1691 1193 1722 Tum
1211 1691 1365 1722 maximis
1384 1691 1463 1730 illis,
1480 1693 1538 1733 qui

835 1746 870 1774 et
897 1741 1117 1773 Pontificales
1153 1742 1228 1773 libri
1257 1741 1473 1782 dicebantur,
1504 1743 1538 1774 in

834 1803 931 1834 quos,
947 1801 1063 1834 presse
1092 1791 1240 1833 quidem,
1257 1802 1310 1823 res
1335 1802 1449 1824 omnes
1473 1793 1540 1824 sin-

834 1843 988 1881 gulorum
1015 1852 1178 1873 annorum
1217 1842 1402 1874 mandabat
1433 1843 1540 1875 literis

834 1890 997 1922 Pontifex
1009 1892 1188 1931 maximus,
1197 1897 1234 1924 ut
1247 1898 1394 1924 testatur
1406 1893 1540 1933 Cicero,

834 1946 903 1972 tum
939 1942 1112 1983 quibusvis
1142 1942 1229 1981 aliis,
1258 1949 1294 1974 et
1325 1948 1539 1975 vetustorum

834 1992 1021 2024 Poetarum
1031 1993 1281 2033 [monumentis.

877 2046 897 2074 8
924 2043 1056 2083 Merito]
1086 2043 1291 2075 Meritorum
1316 2044 1539 2084 proemio,ex-

835 2099 1037 2135 posuerunt.
1100 2095 1177 2126 Non
1213 2095 1261 2126 ita
1289 2095 1439 2136 accipio:
1479 2096 1538 2127 sed

835 2146 948 2177 media
988 2144 1242 2186 significatione
1283 2155 1401 2178 vocem
1446 2146 1538 2177 illam

836 2196 930 2228 Naso
945 2205 1124 2238 usurpasse
1142 2194 1289 2235 videtur,
1312 2200 1363 2236 ut,
1375 2196 1446 2227 sive
1464 2205 1540 2228 can-

835 2246 932 2278 didus
949 2247 1018 2278 sive
1043 2252 1116 2278 ater
1132 2246 1177 2278 sit
1198 2246 1284 2286 dies,
1302 2246 1374 2288 ejus
1399 2247 1445 2278 rei
1461 2256 1539 2279 cau-

834 2305 905 2327 sam
921 2296 966 2328 sit
983 2296 1231 2328 declaraturus.

874 2350 895 2377 9
919 2346 1116 2387 Domestica]
1143 2346 1267 2378 Domui
1284 2344 1452 2378 Caesareae
1476 2355 1537 2387 pro

834 2398 964 2429 meritis
978 2397 1148 2429 instituta.
1173 2396 1289 2438 Atque
1301 2396 1378 2428 hinc
1391 2397 1539 2429 maxime

833 2453 992 2490 captatur
1009 2447 1206 2480 Germanici
1219 2447 1368 2479 attentio
1384 2453 1420 2480 et
1437 2447 1538 2480 bene·

832 2499 993 2530 volentia.

877 2552 915 2580 lo
939 2548 1054 2590 Pater]
1077 2549 1143 2580 Seu
1162 2549 1310 2589 Drusus,
1327 2557 1426 2579 verus
1450 2547 1537 2579 Ger·

831 2600 955 2632 manici
984 2605 1102 2641 pater;
1132 2609 1191 2631 seu
1225 2599 1337 2640 potius
1373 2597 1537 2636 Tiberius,

832 2656 931 2692 pater
948 2660 1009 2691 per
1025 2651 1257 2692 adoptionem.

876 2701 978 2743 Avus]
989 2702 1177 2743 Augustus,
1188 2701 1332 2736 scilicet,
1348 2706 1409 2738 per
1426 2695 1531 2736 adop-

832 2752 978 2790 tionem;
1008 2752 1035 2783 is
1064 2751 1231 2794 siquidem
1260 2747 1437 2781 Tiberium
1466 2745 1530 2778 sibi

833 2801 1000 2834 assumsit.
