1773 3121
455 246 487 274 M
497 241 926 275 ETAMORPHOSEON

1426 234 1542 278 1785

961 242 1058 271 LIB.
1090 243 1176 274 XV.

88 339 240 390 Urbis,
260 344 304 382 et
318 340 470 382 invicti
491 338 675 391 genitor,
696 335 906 386 Gradive,
929 335 1118 388 Quirini,

87 407 318 461 Vestaque
340 406 571 448 Caesareos
586 405 694 444 inter
714 407 884 444 sacrata
905 403 1109 454 Penates,

86 474 145 515 Et
165 488 263 516 cum
285 473 488 515 Caesarea
508 477 568 522 tu,
593 472 761 513 Phoebe
783 471 1040 523 domestice,
1067 472 1218 523 Vesta,

1455 472 1540 514 865

87 541 263 595 Quique
284 545 405 582 tenes
426 540 542 581 altus
561 539 795 593 Tarpeias,
814 538 1006 592 Jupiter,
1026 552 1166 590 arces,

85 606 300 662 Quosque
320 607 430 648 alios
451 608 544 649 vati
562 607 630 648 fas
652 607 874 660 appeUare
894 608 1102 661 piumque
1119 621 1130 659 3

82 673 230 715 Tarda
249 674 305 715 sit
324 674 401 715 illa
420 674 528 725 dies,
549 678 591 716 et
609 677 762 714 nostro
785 675 921 715 serior
942 687 1058 724 aevo,

84 739 186 791 Qua
206 745 341 794 caput
358 740 619 796 Augustum,
641 754 774 797 quem
792 745 1020 795 temperat,
1040 742 1144 783 orbe
1163 742 1316 784 relicto

82 807 280 873 Accedat
300 809 416 851 coelo
434 823 445 863 ;
480 809 719 863 faveatque
740 809 1022 863 precantibus
1045 810 1219 851 absens.

1454 809 1538 852 870

79 973 169 1009 pater
193 971 303 1003 invicti
321 973 462 1012 Quirini,
487 977 518 1004 et
539 974 630 1005 Vesta
656 976 831 1004 consecrata
859 974 942 1003 Inter
968 973 1104 1003 Penates
1122 972 1291 1008 Caesareos,
1305 974 1408 1011 tuque,
1426 971 1539 1003 Phoebe

80 1014 254 1055 clementiam,
265 1026 332 1046 cum
354 1017 443 1048 Vesta
461 1017 614 1054 Coesareu,
627 1020 668 1054 et,
677 1017 816 1056 Jupiter,
828 1016 879 1056 qui
893 1016 1030 1046 excelsus
1041 1015 1133 1046 habes
1142 1015 1255 1054 templa
1270 1014 1412 1053 Tarpeia,
1426 1018 1455 1045 et
1467 1024 1540 1054 quos

78 1056 155 1087 ulios
169 1056 226 1094 sus
240 1061 331 1098 atque
354 1059 441 1098 pium
456 1069 563 1090 roc-are
580 1059 698 1097 Potae,
724 1059 778 1088 ina
803 1059 870 1088 dies
892 1058 935 1088 sit
958 1068 1038 1096 sera,
1059 1061 1150 1097 atque
1164 1057 1285 1087 tardior
1299 1059 1404 1087 nostro
1417 1057 1540 1095 saeculo,

78 1108 138 1136 qua
153 1104 244 1139 capue
260 1103 440 1140 Augustum
453 1103 653 1133 adnzoceatur
667 1101 753 1140 caelo,
779 1101 928 1132 destituto
948 1101 1071 1139 munao,
1092 1109 1182 1140 quem
1195 1099 1279 1138 regit
1288 1110 1300 1136 ‚·
1326 1102 1417 1139 atque
1431 1099 1540 1131 absens

78 1141 118 1171 sit
132 1143 289 1183 propitius
303 1144 470 1175 orantibus.

688 1236 803 1249 oooooo

808 1236 923 1248 eeeeee

78 1317 240 1359 ingratus.
276 1318 496 1351 Heins.-861
522 1319 675 1351 Berolin.
703 1319 788 1360 ignis
811 1322 840 1350 et
865 1318 1065 1351 ensis.—863
1090 1317 1187 1349 Idem
1224 1317 1266 1349 G.
1291 1316 1539 1358 tyranni.—866

76 1360 145 1392 Pro
168 1361 252 1392 altus
276 1361 402 1403 Regius
431 1363 579 1396 malebat
608 1363 742 1395 Latius:
766 1363 919 1394 nonnulli
948 1361 1059 1394 Codd.
1082 1362 1295 1393 celsus.-—868
1318 1360 1360 1391 In
1385 1359 1539 1392 Berolin.

737 1492 875 1525 NOTAE

118 1592 181 1622 862
207 1591 381 1634 Indigetes]
402 1594 458 1625 Dii
486 1600 566 1626 sunt
591 1595 706 1635 patrii,
723 1596 780 1636 qui

75 1641 125 1673 ita
140 1641 184 1673 ab
200 1643 286 1684 indu,
301 1654 363 1684 pro
380 1647 424 1685 in,
440 1651 476 1677 et
491 1657 562 1686 ago,
578 1647 663 1678 dicti
677 1652 769 1679 sunt.

121 1691 268 1733 Quirine]
293 1693 474 1725 Romulum
499 1705 540 1727 eo
564 1695 697 1726 nomine
721 1705 780 1736 ap-

74 1740 240 1781 pellatum
258 1742 432 1785 Urbisque
448 1743 551 1776 fuisse
568 1744 778 1776 conditorem

76 1790 185 1822 taedet
202 1792 305 1822 toties
322 1798 492 1833 repetere.

117 1842 180 1872 86³
207 1841 361 1882 Gradite]
385 1843 478 1874 Mars
499 1848 551 1874 est
568 1843 702 1874 Romuli
719 1852 778 1883 pa-

75 1894 140 1928 ter,
156 1891 214 1932 qui
232 1892 281 1922 vel
308 1901 328 1922 a
350 1892 533 1932 gradiendo,
551 1893 604 1924 vel
621 1903 641 1923 a
656 1891 778 1933 κραδαί-

71 1951 145 1979 νων,
159 1940 250 1981 quod
266 1941 388 1973 vibrare
403 1947 466 1980 est,
485 1943 533 1974 sic
547 1942 670 1975 dictus.

114 1993 178 2022 864
203 1992 373 2034 Coeaareos]
402 1992 494 2026 Quia
518 1993 591 2034 ejus
613 1994 776 2034 templum

73 2040 109 2073 in
133 2041 280 2084 Palatio,
307 2043 363 2075 ubi
390 2043 596 2076 habitabant
625 2044 777 2085 Impera-

74 2094 176 2123 tores.

116 2140 267 2183 Penates]
291 2143 386 2175 Deos
415 2143 634 2183 domesticos,
654 2144 710 2186 qui
734 2153 776 2175 ex

72 2200 115 2224 eo
129 2191 213 2224 dicti
228 2193 319 2234 quod
333 2193 366 2225 in
380 2194 594 2235 penitissima
609 2204 669 2226 seu
686 2204 777 2225 max-

73 2242 136 2275 ime
151 2249 285 2276 secreta
308 2245 428 2277 domas
455 2251 554 2286 parte
570 2246 776 2278 colerentur.

73 2291 237 2334 APemu,
252 2295 343 2337 quod
368 2306 422 2328 res
447 2297 594 2329 maxime
621 2306 776 2330 necessa·

71 2341 137 2375 riu
151 2344 196 2377 ad
213 2344 338 2378 victum
357 2346 590 2388 quotidianum
607 2347 640 2378 in
656 2347 778 2378 intima

73 2390 190 2426 domun
223 2401 319 2436 parte
348 2402 499 2430 servatas
525 2396 706 2438 significat,
738 2397 777 2429 tit

74 2441 176 2475 Penas
200 2444 354 2484 Pernam,-
377 2448 465 2479 sicut
482 2458 501 2478 a
518 2448 655 2488 Magnus
682 2448 776 2487 Mug-

72 2502 127 2526 Ιιι
144 2494 319 2536 Magnata,
343 2500 395 2537 ξε.
440 2499 643 2540 Quanquam
667 2507 776 2539 neque

73 2540 181 2584 inepti
196 2544 355 2579 videntur
371 2547 429 2588 qui
446 2548 596 2589 Penates,
612 2558 689 2580 eum
704 2548 778 2580 Ma-

74 2592 306 2673 ?robioffluul
322 2596 420 2629 Penes
444 2608 498 2630 nos
522 2603 612 2630 natos
635 2599 704 2630 dici
721 2609 776 2631 vo-

89 2647 161 2674 uu¹0

118 2694 180 2723 866
205 2693 335 2737 Pkoebe]
355 2698 434 2731 Jam
458 2710 575 2741 supra,
603 2701 637 2733 ni
663 2700 777 2741 fallor,

76 2742 229 2782 Apollini
245 2744 279 2774 'tn
297 2745 464 2780 Palatinae
480 2750 598 2782 domus
620 2757 719 2793 parte
736 2752 778 2783 ab

76 2792 234 2835 Augusto
248 2794 433 2831 excitatum
447 2801 611 2842 templum
621 2802 778 2843 diximus,

834 1595 952 1626 addita
966 1595 1114 1635 porticu,
1129 1603 1205 1626 cum
1218 1591 1428 1624 bibliotheca
1442 1590 1538 1624 Grae·

834 1654 875 1676 ca
891 1650 927 1676 et
944 1645 1076 1676 Latina.

877 1696 940 1725 866
966 1692 1128 1734 Tarpeias]
1157 1691 1365 1733 Capitolium
1394 1690 1481 1724 dicit
1503 1691 1537 1723 in

833 1744 1027 1785 Capitolino
1064 1747 1180 1775 monte
1216 1747 1442 1783 exstructum,
1480 1743 1538 1784 qui

833 1799 934 1826 antea
943 1794 1109 1835 Tarpeius
1124 1793 1297 1834 aTarpeia
1309 1792 1441 1834 virgine
1453 1793 1538 1826 Ves-

833 1845 893 1875 tali
908 1844 1033 1875 ibidem
1059 1843 1260 1875 Sabinorum
1281 1843 1388 1875 scutis
1403 1843 1539 1885 obruta,

832 1894 982 1935 itemque
997 1893 1177 1924 Saturnius
1192 1893 1382 1925 dicebatur.

875 1946 937 1977 867,
964 1942 1122 1985 Quosque]
1145 1943 1233 1983 Sibi,
1260 1948 1298 1975 ut
1322 1943 1537 1982 vides,max-

831 1993 898 2025 ime
914 1993 1085 2025 cavebant
1113 1993 1262 2033 Ethnici‚
1287 2002 1329 2024 ne
1344 2002 1537 2035 quenquam

832 2053 875 2074 ex
891 2043 958 2075 suis
974 2042 1106 2075 fictitiis
1133 2048 1236 2084 atque
1264 2043 1439 2074 inutilibus
1462 2043 1536 2079 Diis

831 2095 1027 2136 neglectum
1043 2094 1220 2126 habereut.
1267 2094 1320 2126 Ita
1336 2094 1474 2136 quidem
1494 2096 1538 2127 de

832 2147 903 2178 solo
919 2156 1001 2178 vero
1017 2151 1122 2188 atque
1140 2151 1271 2179 aeterno
1299 2146 1377 2177 Deo
1395 2150 1448 2177 ter
1465 2146 1537 2188 Op-

832 2197 915 2230 timo
926 2197 1083 2229 ¹Maximo
1100 2198 1248 2229 omnium
1265 2206 1377 2228 rerum
1397 2198 1538 2230 Conser-

831 2253 949 2280 vatore
964 2249 1120 2289 cogitare
1133 2248 1317 2290 dignantur
1330 2248 1466 2289 plurimi
1480 2248 1538 2290 qui

830 2309 866 2330 se
884 2299 1030 2331 maxime
1056 2299 1179 2340 probos
1205 2303 1241 2331 et
1267 2303 1401 2330 sanctos
1429 2298 1537 2330 videri

831 2351 968 2382 volunt:
986 2360 1029 2381 ne
1042 2349 1176 2382 scilieet
1187 2349 1287 2381 Illum
1299 2349 1368 2381 suis
1383 2348 1537 2380 omnibus

831 2400 918 2432 votis
948 2405 1053 2442 atque
1083 2400 1232 2441 inceptis
1267 2400 1446 2431 adversum
1481 2400 1538 2431 ha·

832 2450 951 2482 beant:
977 2460 1060 2492 quos
1075 2450 1212 2482 tandem
1228 2455 1342 2482 tamen
1359 2450 1444 2481 male
1462 2459 1536 2492 per-

831 2500 892 2532 det
908 2505 944 2531 et
961 2501 1061 2541 longe
1075 2510 1094 2531 a
1108 2500 1230 2533 Gratia
1242 2510 1300 2532 sua
1318 2500 1466 2543 rejiciet.

867 2554 931 2583 870
943 2550 1076 2593 Aoum]
1088 2551 1194 2585 Quasi
1206 2554 1411 2593 praemm
1424 2553 1536 2583 Deum

831 2602 947 2633 laudat
968 2600 1096 2633 Poeta:
1123 2601 1213 2643 quod
1240 2599 1377 2643 quidem
1404 2601 1432 2632 si
1455 2600 1535 2630 adu-

831 2653 920 2684 landi
937 2652 1236 2693 exquisitissimam
1262 2658 1370 2684 artem
1387 2653 1537 2690 spectes,

832 2705 962 2745 optime
976 2714 985 2742 ;
1010 2703 1167 2744 pessime,
1183 2704 1209 2734 si
1227 2712 1296 2734 rem
1313 2702 1420 2742 ipsam
1433 2703 1537 2740 atque

833 2755 941 2794 nefas,
956 2756 1036 2788 dum
1052 2756 1242 2788 hominibus
1264 2753 1373 2796 gloria
1391 2750 1458 2784 Dei
1474 2750 1534 2784 tri-

834 2803 961 2845 buitur,
974 2804 1116 2846 cogites.
