1773 3121
262 230 375 273 1968
733 243 794 274 φ.
826 242 984 273 ovum
1018 242 1234 275 NAsoms

204 352 222 370 r
262 336 397 378 Plura
410 336 537 390 jubet
555 337 649 378 fieri
669 337 798 378 simili
821 338 983 379 coelata
1001 339 1161 391 figura3

320 404 453 445 Error
472 411 521 446 ut
543 413 637 447 anie
660 407 810 447 oculos
830 406 1078 447 insidiantis
1100 410 1186 447 eat.

262 472 506 513 Mamurius
527 487 695 514 morum
715 474 908 514 sabraene
928 475 1124 514 exactior
1147 474 1266 524 artis,

318 539 508 581 Difficile
530 546 609 591 est,
632 542 752 590 illud,
771 542 930 590 dicere,
954 542 1115 582 clausit
1131 555 1259 595 opus.

259 606 341 648 Cui
364 607 514 648 Numa
533 609 777 659 munificus,
799 610 926 650 Facti
948 614 1046 663 pete
1068 611 1264 662 praemia,
1285 608 1411 650 dixit.
1624 606 1713 649 385

316 674 364 714 Si
386 689 485 715 mea
506 680 609 715 nota
631 676 755 726 fides,
781 677 901 717 irrita
920 677 1040 716 nulla
1059 682 1200 729 petes.

256 741 285 782 J
291 754 358 782 am
382 742 555 783 dederat
575 743 707 783 Saliis
736 742 786 797 (a
807 744 917 782 saltu
936 743 1108 783 nomina
1128 740 1315 794 ducunt)

313 807 547 862 Armaque,
571 814 613 850 et
635 809 690 849 ad
711 814 850 849 certos
871 810 1008 848 verba
1029 810 1224 850 canenda
1244 809 1412 850 modos.

255 874 368 915 Tum
391 877 453 916 sic
474 876 741 915 Mamurius:
774 875 946 915 Merces
967 875 1071 914 mihi
1094 877 1232 927 gloria
1251 877 1391 926 detur,

313 941 590 994 Nominaque
606 945 799 981 extremo
822 941 1012 980 carmine
1033 944 1183 981 nostra
1206 946 1373 982 sonent.
1624 941 1710 984 390

254 1007 364 1047 Inde
386 1008 634 1048 sacerdotes
653 1009 773 1061 operi
791 1009 1012 1061 promissa
1031 1013 1212 1049 vetusto

310 1075 499 1116 Praemia
522 1076 792 1129 persolvunt,
816 1075 1165 1129 Mamuriumque
1186 1080 1359 1117 vocant.

254 1141 434 1182 Nubere
454 1143 582 1194 siqua
600 1144 736 1192 voles,
760 1144 960 1195 quamvis
981 1145 1272 1197 properabitis
1294 1144 1438 1193 ambo,

312 1207 450 1248 Differ
467 1222 475 1248 :
505 1209 667 1248 habent
687 1222 836 1262 parvae
859 1210 1090 1249 commoda
1109 1224 1268 1262 magna
1288 1223 1438 1250 morae.

251 1271 389 1314 Arma
410 1278 583 1315 movent
603 1288 807 1328 pugnam,
830 1289 975 1328 pugna
996 1280 1063 1316 est
1085 1277 1223 1316 aliena
1247 1277 1430 1316 maritis.
1622 1276 1709 1318 395

309 1340 498 1392 Condita
518 1355 618 1382 cum
638 1342 806 1391 fuerint,
830 1343 976 1395 aptius
1000 1356 1126 1383 omen
1147 1343 1241 1383 erit.

251 1481 391 1520 Imperat
403 1481 512 1520 parari
527 1481 618 1521 plura
641 1481 751 1511 coelata
773 1481 869 1512 simili
884 1480 1013 1518 forma;
1036 1485 1070 1512 ut
1095 1492 1180 1512 error
1202 1482 1377 1512 obversetur
1399 1481 1494 1512 oculis
1514 1481 1706 1514 insidiantis.

250 1523 428 1554 Mamurius
441 1523 570 1554 absolvit
584 1525 660 1555 illud
675 1533 759 1564 opus,
784 1524 841 1564 qui
859 1524 990 1554 moribus
1003 1535 1041 1555 an
1055 1525 1134 1555 artis
1149 1524 1253 1562 fabrae
1268 1524 1458 1555 dexteritate
1471 1524 1579 1554 melior
1593 1523 1708 1565 fuerit,

249 1565 372 1606 difficile
388 1570 433 1596 est
450 1566 560 1597 dicere.
609 1567 669 1597 Cui
686 1567 789 1597 Numa
805 1566 941 1596 liberalis
955 1568 1013 1604 ait,
1041 1568 1136 1598 Posce
1152 1568 1317 1597 mercedem
1331 1576 1442 1606 operae.
1488 1566 1527 1597 Si
1535 1566 1622 1607 fides
1639 1576 1707 1598 mea

247 1612 418 1647 perspecta,
445 1609 525 1639 nihil
542 1609 667 1647 frustra
680 1609 838 1649 petireris.
881 1610 955 1639 Jam
972 1610 1099 1640 dederat
1123 1609 1220 1639 Saliis
1236 1609 1370 1647 (habent
1387 1608 1509 1639 nomina
1523 1618 1543 1638 a
1556 1608 1663 1648 saltu)
1676 1611 1706 1640 et

247 1659 348 1689 arma,
363 1654 394 1681 et
408 1650 500 1681 verba
515 1653 667 1682 cantanda
683 1653 722 1681 ad
738 1655 836 1682 certos
850 1652 962 1683 modos.
1010 1653 1087 1682 Tam
1109 1652 1153 1682 ita
1171 1652 1360 1687 Mamurius,
1381 1652 1465 1682 Laus
1475 1652 1566 1681 detur
1580 1651 1612 1681 in
1626 1660 1706 1690 prce-

248 1692 344 1722 mium
356 1704 367 1729 ;
390 1696 481 1732 atque
497 1696 620 1724 nomina
638 1697 740 1724 nostra
763 1694 930 1724 audiuntur
945 1694 976 1724 in
994 1694 1100 1724 ultimo
1117 1694 1262 1724 carmine.
1306 1694 1394 1724 Hinc
1407 1694 1579 1724 sacerdotes
1590 1693 1706 1733 persol-

247 1738 323 1765 vunt
339 1737 507 1766 mercedem
518 1737 700 1776 promissam
719 1737 803 1776 operi
824 1737 960 1776 antiquo,
988 1741 1016 1767 et
1040 1737 1138 1767 citant
1156 1736 1358 1766 Mammium.
1404 1735 1501 1776 Siqua
1522 1735 1625 1775 cupies
1648 1745 1708 1766 nu-

248 1776 330 1816 bere,
344 1779 483 1818 quamvis
495 1782 621 1818 uterque
629 1778 836 1817 festinabitis‚
852 1782 1021 1817 cunctator,
1037 1779 1110 1809 let-is
1121 1778 1275 1809 cunetatio
1288 1777 1379 1808 habet
1390 1778 1525 1817 amplum
1534 1776 1706 1817 proemium.

247 1819 346 1851 Arma
361 1821 442 1852 cient
455 1825 621 1861 certamen,
637 1825 790 1852 certamen
805 1831 863 1852 non
880 1825 924 1852 est
939 1824 1046 1862 aptum.
1061 1821 1196 1852 maritis.
1242 1821 1411 1861 Postquam
1420 1819 1545 1858 fuerint
1559 1819 1707 1861 reposita,

863 1905 880 1916 -e
884 1906 1095 1917 ‘coecus-esen

249 1956 345 1988 hibet
361 1958 570 1989 habet.—383
595 1959 699 1989 Multi
733 1958 841 1989 Codd.
872 1957 1087 1993 ssIarmarius;
1111 1957 1263 1988 nonnulli
1279 1957 1498 1987 Mammmus.
1542 1955 1630 1986 Dein
1645 1956 1701 1988 Sa.

246 2009 324 2029 mor.
355 2000 526 2036 fabric-cene
565 2003 772 2031 exact—384
804 2000 924 2030 Heius.
963 2008 1005 2029 ex
1035 2000 1148 2030 Ursin.
1189 1999 1271 2029 Cod.
1302 1998 1434 2038 recepit
1467 1997 1556 2036 illud,
1583 2002 1621 2028 ut
1652 2008 1702 2029 re-

247 2039 377 2070 feratur
393 2042 435 2072 ad
450 2041 488 2071 τὸ
509 2052 601 2081 opus:
635 2043 726 2081 vulg.
744 2043 810 2080 ulli,
825 2042 878 2071 vel
902 2040 958 2071 illi.
984 2040 1066 2071 Mox
1091 2042 1145 2070 Sa.
1170 2041 1231 2071 dic.
1255 2040 1380 2080 scalpsit
1395 2050 1444 2080 op.
1462 2039 1540 2070 Pet.
1556 2040 1701 2071 cuc-iit.—

250 2084 310 2111 385
336 2082 413 2113 Pet.
433 2084 476 2113 N.
493 2084 738 2124 nzagmificwe‚l·'.
754 2084 841 2114 Tum
860 2083 916 2112 Fr.
943 2082 1038 2112 Fati:
1061 2087 1096 2113 et
1120 2083 1198 2113 Pet.
1226 2083 1313 2112 idem
1336 2086 1401 2122 pet.
1425 2091 1562 2118 munera,
1588 2082 1700 2114 dix.—

247 2125 311 2154 386
335 2124 375 2154 Ρ.
394 2126 483 2155 Mor.
499 2131 532 2155 et
551 2126 715 2164 Excerpt.
732 2126 779 2156 D.
796 2134 867 2155 vera
884 2133 944 2164 pro
960 2127 1148 2155 nota—387
1174 2124 1228 2155 Ita
1257 2125 1386 2155 Zulich.
1401 2133 1420 2155 a
1436 2134 1486 2164 pr.
1503 2134 1591 2156 man.
1607 2124 1698 2164 qnod

248 2165 369 2196 Heius.
384 2176 500 2197 verum
518 2171 636 2207 putat:
662 2168 758 2197 Voss.
774 2177 838 2206 quoe
853 2177 880 2196 s.
897 2176 926 2197 η.
943 2167 1068 2205 ducunt,
1084 2173 1119 2197 et
1143 2167 1198 2197 Sa.
1216 2177 1292 2197 cum
1309 2166 1381 2197 aliis
1405 2167 1574 2197 nonnullis
1593 2166 1647 2206 qni
1670 2177 1696 2199 s.

246 2217 277 2238 n.
303 2208 437 2240 ducunt:
476 2209 609 2248 plurimi
636 2214 747 2239 autem
768 2213 850 2239 vett.
879 2218 907 2238 η.
932 2208 1134 2240 dicta-338
1159 2209 1290 2239 Thuan.
1315 2219 1381 2239 can.
1407 2211 1614 2240 sonos.—-389
1639 2208 1696 2239 Fr.

249 2250 331 2280 Tunc
353 2251 516 2282 sia—390
538 2252 593 2282 Sa.
608 2255 722 2282 aeterno
737 2260 798 2291 pro
821 2253 1075 2281 extremm—395
1100 2252 1189 2282 Maz.
1207 2251 1248 2282 V.
1265 2251 1305 2282 A.
1323 2255 1357 2282 et
1375 2251 1442 2282 duo
1457 2251 1513 2282 alii
1528 2260 1606 2282 ηιου.
1617 2260 1698 2291 pug-

902 2356 1045 2388 NOTAE

289 2429 424 2469 Sortem]
442 2430 578 2470 Imperii
593 2430 673 2461 fata.
697 2430 842 2461 Dixerat
854 2430 942 2460 enim
995 2441 1065 2461 sum
1083 2434 1181 2469 coelo,
1198 2434 1368 2473 surripere
1385 2436 1578 2464 conaretur.

244 2480 404 2519 Jupiter:
427 2481 586 2521 ‘imperii
609 2481 751 2521 pignora
773 2486 868 2511 certa
888 2481 943 2511 da·
1038 2484 1100 2511 353
1126 2482 1266 2522 Morum]
1291 2481 1695 2522 Incertum,inquit,mo-

246 2529 314 2560 bo.'
996 2539 1068 2559 rum
1096 2530 1266 2569 probitate
1294 2539 1337 2560 an
1359 2530 1440 2560 artis
1460 2529 1585 2568 peritia
1607 2539 1695 2569 prae-

289 2581 350 2609 381
374 2578 490 2619 Plura]
524 2580 571 2610 Ut
593 2580 682 2610 inter
697 2580 820 2617 omnia,
841 2579 943 2610 unde·
997 2580 1141 2610 stantior
1157 2578 1258 2610 fuerit
1274 2579 1473 2619 Mamurius,
1495 2578 1552 2619 qui
1572 2578 1695 2609 ancilia

246 2629 311 2660 cIm
327 2639 402 2670 quae
427 2631 533 2669 magis
562 2631 603 2661 ad
631 2632 778 2662 coelestis
802 2630 942 2662 formam
996 2629 1139 2660 coelavit.

246 2679 451 2711 accederent
467 2682 707 2712 retinerentur.
1039 2683 1102 2711 386
1125 2680 1161 2710 Si
1176 2681 1256 2719 mea]
1278 2679 1312 2710 Si
1329 2678 1417 2709 fidis.

289 2731 352 2759 382
376 2729 576 2769 Insidiantis]
612 2730 768 2771 Quisquis
797 2730 943 2771 denique
1039 2734 1101 2762 388
1124 2731 1176 2762 Ad
1191 2731 1304 2770 certos]
1335 2731 1413 2762 Non
1427 2730 1487 2761 has
1502 2739 1608 2771 nugas
1623 2738 1692 2761 mo-

247 2787 288 2809 ea
303 2779 435 2819 imperii
457 2780 607 2821 pignora,
623 2789 681 2811 seu
701 2780 810 2812 ancile
827 2780 943 2821 delap-
996 2780 1053 2821 do,
1074 2780 1133 2811 sed
1159 2785 1194 2812 et
1220 2780 1371 2811 habitum
1396 2780 1575 2818 Saliorum,
1600 2778 1690 2820 apud
