1773 3121
272 221 314 253 P.
337 220 494 251 ovmn
527 217 742 250 NASONIS
776 216 1108 249 METAMORPH.
1142 219 1241 251 Lm.
1263 221 1347 251 XV.

1425 209 1537 253 1701

83 315 284 358 Destinat
302 314 486 369 imperio
507 313 672 354 clarum
690 311 940 366 praenuntia
957 313 1052 354 veri

84 382 226 426 Fama
246 382 452 425 Numam.
513 379 618 421 Non
635 380 707 421 ille
730 381 842 420 satis
862 392 1076 433 cognosse
1095 379 1277 424 Sabinae

82 450 235 492 Gentis
253 451 381 491 habet
400 449 537 489 ritus:
569 449 713 489 animo
733 448 903 502 majora
918 449 1077 501 capaci
1514 451 1543 490 5

40 502 54 518 ⁸
82 517 298 572 Concipit,
319 521 364 557 et
384 529 483 570 quae
504 516 561 557 sit
580 529 723 558 rerum
738 520 892 557 natura
911 516 1104 570 requirit.

79 585 233 640 Hujus
255 596 380 625 amor
399 596 535 634 curae,
556 583 699 638 patria
716 582 994 637 Curibusque
1013 582 1194 633 relictis,

79 652 215 703 Fecit,
237 657 283 694 ut
304 652 516 693 Herculei
533 655 775 706 penetraret
794 651 851 693 ad
871 651 1060 705 hospitis
1079 651 1242 692 urbem.

79 719 217 762 Graia
237 720 339 774 quis
358 720 527 762 Italicis
546 722 704 762 auctor
719 721 941 774 posuisset
960 720 1007 760 in
1028 719 1116 762 oris

80 787 253 829 Moenia
273 788 498 842 quaerenti,
520 788 584 829 sic
607 801 631 829 e
654 788 899 830 senioribus
920 800 1032 829 unus

1484 787 1540 828 10

75 944 163 972 tanto
178 941 256 980 regi.
303 940 399 972 Fama
413 941 590 981 proenuneia
605 941 670 972 ceri
684 940 803 972 addicit
823 940 955 971 Numam
977 939 1119 980 imperio.
1166 939 1225 970 Ille
1239 949 1300 970 non
1319 942 1365 970 est
1380 942 1540 971 contentus

74 984 153 1014 scire
167 984 361 1014 caerimonias
373 984 479 1023 gentis
491 983 636 1014 Sabinoe:
659 983 862 1023 apprehendit
893 983 1010 1021 majora
1036 986 1126 1013 easta
1155 986 1267 1021 mente,
1295 985 1387 1022 atque
1402 982 1539 1023 exquirit

75 1036 142 1066 quae
160 1027 202 1057 sit
216 1030 331 1056 natura
347 1036 459 1057 rerum.
504 1027 602 1058 Amor
627 1026 718 1065 hujus
739 1026 838 1057 studii
857 1024 953 1063 fecit,
978 1028 1026 1063 ut,
1049 1025 1167 1055 Patria
1189 1028 1218 1055 et
1242 1025 1378 1055 Curibus
1400 1025 1542 1065 desertis,

71 1069 318 1109 proficisceretur
332 1070 372 1099 ad
387 1069 493 1100 urbem
508 1069 639 1108 hospitis
654 1068 814 1099 Herculei.
859 1068 963 1108 Atque
976 1077 1054 1097 unus
1069 1077 1108 1098 ex
1122 1067 1294 1097 senioribus
1305 1067 1377 1097 inde
1387 1068 1466 1097 ortis
1480 1077 1541 1098 non

75 1112 206 1150 ignarus
224 1112 396 1152 proeteritoe
422 1111 526 1142 aetatis
547 1111 593 1141 sic
619 1111 741 1142 edocuit
764 1109 975 1141 sciscitantem
999 1109 1139 1149 quisnam
1153 1109 1296 1139 conditor
1310 1109 1472 1140 statuisset
1489 1119 1541 1139 ur-

690 1203 924 1215 emmeeoo

73 1272 92 1299 ³
117 1267 200 1299 Sixii
216 1268 300 1300 Cod.
316 1268 392 1308 imp.
416 1267 511 1300 Latio
523 1272 689 1309 putta—4
714 1268 864 1301 Berolin.
880 1278 970 1308 cogn.
988 1267 1194 1299 Sabinos—5
1220 1267 1300 1298 Bas.
1333 1267 1414 1298 Usus
1435 1267 1540 1306 gentis

73 1311 162 1343 habet
174 1323 184 1343 :
207 1314 322 1343 an.—8
345 1312 441 1343 Med.
466 1311 515 1342 H.
527 1315 730 1353 penetrasset.
777 1312 869 1343 Dein
887 1312 952 1343 Ms.
969 1311 1101 1342 Bersm.
1118 1311 1151 1342 in
1165 1310 1317 1352 hosp.—9
1340 1311 1393 1342 Ex
1406 1309 1540 1352 quibus·

733 1432 766 1465 N
771 1432 879 1466 01*AE

117 1522 136 1550 ⁴
161 1517 312 1558 Numam]
345 1517 426 1550 Fuit
451 1518 563 1550 Numa
588 1519 779 1560 Pompilius

76 1569 165 1600 ultro
180 1578 199 1599 a
217 1569 378 1600 Romanis
400 1570 531 1610 petitus
547 1570 590 1602 ob
614 1570 779 1610 inclytam

75 1619 139 1650 viri
155 1619 365 1660 religionem,
381 1619 438 1660 qni
461 1628 502 1649 eo
526 1619 674 1660 denique
694 1619 780 1650 fero·

74 1680 149 1703 cem
166 1671 328 1712 populum
354 1670 502 1710 redegit,
521 1674 556 1700 ut
581 1670 669 1711 quod
687 1671 719 1700 vi
743 1675 780 1701 et

73 1723 198 1764 injuria
213 1727 442 1762 occupaverat
463 1721 642 1761 imperium
665 1721 778 1762 religi-

74 1784 138 1806 one
156 1780 259 1816 atque
269 1774 403 1815 justitia
418 1773 635 1813 gubernaret.

117 1829 136 1855 5
161 1824 272 1864 lcum]
313 1824 429 1862 Sacra,
457 1823 679 1859 caerimonias,
705 1831 775 1853 om-

73 1884 218 1916 nemque
235 1876 388 1906 Deorum
404 1873 534 1904 cultum
551 1871 680 1904 docuit.

115 1924 257 1966 ,Maior-a]
285 1923 462 1966 Adeoque,
478 1923 505 1954 si
523 1923 649 1955 Nasoni
665 1923 776 1955 credi-

71 1985 156 2017 mm,
171 1976 281 2016 majus
311 1979 364 2006 est
386 1979 540 2006 naturam
566 1984 777 2015 cognoscere

72 2038 174 2071 quun
201 2027 353 2058 Deorum
381 2025 622 2057 immortalium
646 2026 777 2057 cultum

75 2086 177 2121 atque
189 2078 411 2110 caerimonias,
449 2077 571 2115 Immo,
589 2077 615 2107 si
630 2077 694 2118 ipsi
706 2076 776 2109 filio

76 2129 143 2161 Dei
155 2128 335 2161 crederent
350 2129 535 2159 oscitantes
547 2127 694 2168 plurimi,
710 2137 776 2158 non

73 2192 92 2214 e
109 2179 209 2222 plebe
236 2185 381 2219 tantum,
407 2179 466 2210 sed
484 2188 525 2209 ex
548 2179 698 2210 sacrario
715 2189 776 2210 suo

73 2231 290 2263 tenebriones
323 2230 436 2261 verius
475 2239 574 2270 quam
608 2229 778 2270 Theologi

71 2281 185 2323 petiti,
207 2280 418 2312 caarimonias
445 2289 561 2311 omnes
593 2284 697 2320 atque
721 2290 778 2311 ex-

72 2335 203 2363 ternum
221 2331 349 2361 cultum
362 2330 489 2360 scirent
503 2329 688 2360 recondita·
702 2339 775 2360 esse

73 2387 206 2414 tantum
231 2381 386 2412 veritatis
415 2381 604 2420 involucra,
620 2386 677 2411 aut
701 2382 776 2412 lite-

75 2442 143 2464 ram
160 2437 338 2471 mortuam,
353 2432 386 2462 in
403 2431 526 2472 quibus
549 2431 677 2462 haerere
705 2437 774 2463 tur-

73 2483 256 2524 pissimum,
267 2482 462 2514 doctoribus
481 2482 683 2523 praesertim,
696 2492 776 2524 qua-

75 2535 123 2566 les
139 2533 185 2566 illi
205 2533 311 2564 videri
329 2533 459 2563 volunt.

114 2587 135 2616 ¹1
159 2584 271 2624 Amor]
304 2584 392 2615 Novi
417 2594 492 2623 ego,
507 2589 610 2625 atque
627 2585 774 2625 compel-

74 2635 155 2676 lavi,
170 2645 310 2678 quorum
326 2636 400 2666 haec
421 2639 474 2666 est
490 2645 584 2675 curn,
600 2636 653 2666 hie
670 2646 777 2676 annor,

77 2687 150 2717 haec
184 2691 314 2717 naturae
360 2691 463 2726 atque
506 2687 576 2727 ejus
617 2686 776 2717 Auctoris

76 2735 237 2774 cognitio.
296 2735 387 2767 Quid
416 2736 469 2766 hic
497 2741 553 2766 ant
582 2737 636 2767 ille
661 2742 775 2767 noster

77 2785 244 2826 Magister
272 2785 388 2824 sentit,
417 2785 472 2825 qui
512 2785 553 2816 ad
592 2785 692 2817 offam
722 2785 773 2815 vel

833 1518 1043 1560 stipendium
1061 1517 1268 1559 praepollens
1292 1516 1397 1548 habet
1423 1514 1539 1547 suffra-

833 1569 949 1610 gium?
974 1574 1011 1600 ut
1028 1568 1058 1600 ei
1077 1568 1313 1608 asflpulemur,
1328 1567 1422 1597 illum
1439 1575 1539 1597 vene·

834 1628 959 1659 remur,
984 1619 1230 1656 deosculemur,
1257 1621 1358 1658 atque
1391 1626 1432 1648 ex
1463 1617 1538 1657 ejus

835 1675 919 1701 nutu
937 1669 1143 1711 pendeamus
1166 1667 1335 1708 denique3
1359 1666 1393 1697 in
1419 1676 1538 1697 eornm

834 1721 984 1753 omnium
1009 1720 1194 1761 perniciem
1220 1719 1392 1757 coiiamus,
1408 1718 1464 1760 qui
1487 1727 1538 1749 sa·

833 1775 1023 1802 crosanctae
1041 1769 1116 1801 offae
1143 1769 1350 1800 inhiantibus
1370 1768 1539 1810 refragari

832 1822 904 1852 ausi
931 1820 1070 1852 suerint.
1116 1820 1248 1853 Quibus
1265 1819 1404 1860 quidem
1418 1828 1539 1850 cucur-

832 1872 913 1903 bitis
933 1872 993 1902 Dii
1021 1872 1172 1911 Deaeque
1199 1880 1329 1909 omnes,
1353 1880 1419 1912 quo
1443 1869 1539 1911 digni

832 1926 922 1961 sunt,
953 1921 1064 1961 duint,
1095 1920 1276 1961 (precatur
1303 1919 1442 1962 aliquis)
1472 1921 1538 1952 nisi

832 1971 980 2014 denique
1016 1980 1052 2002 se
1088 1970 1240 2002 homines
1273 1979 1347 2001 esse
1385 1969 1539 2001 reminis-

831 2028 963 2055 cantur.

875 2072 1007 2113 Patria]
1061 2072 1218 2113 Namque
1245 2070 1292 2102 ibi
1319 2070 1399 2112 quid
1429 2071 1539 2112 possit

831 2125 1011 2167 quisquam
1050 2123 1218 2162 ediscere,
1252 2122 1316 2152 nisi
1354 2122 1540 2163 opprobria

832 2178 903 2219 pati
935 2182 1037 2219 atque
1068 2175 1305 2213 contumelias,
1333 2174 1392 2216 qui
1422 2174 1539 2215 aliqua

832 2229 959 2260 virtute
977 2227 1090 2259 multis
1105 2225 1228 2258 invidis
1245 2225 1501 2266 praecelluerit?

874 2283 894 2310 8
908 2277 1070 2320 Hospitis]
1098 2279 1285 2309 Crotonem
1303 2275 1401 2315 dicit,
1416 2275 1485 2317 qni,
1498 2280 1537 2307 ut

830 2329 931 2361 modo
947 2339 989 2360 ex
1006 2328 1116 2359 Poeta
1129 2328 1202 2368 ipso
1215 2330 1456 2366 cognoscetur,
1469 2334 1537 2357 non

832 2380 1018 2411 Herculem
1046 2382 1179 2410 tanturn
1209 2386 1252 2408 ex
1285 2375 1457 2417 Hispania
1485 2385 1536 2406 re-

831 2430 994 2461 deuntem
1006 2428 1153 2469 hospitio
1164 2425 1384 2467 excepit,sed
1398 2427 1538 2468 insuper

831 2481 973 2512 (rotoni
1006 2479 1081 2510 urbi
1112 2488 1233 2510 nomen
1265 2477 1374 2516 dedit,
1404 2478 1436 2509 in
1469 2487 1536 2518 qua

831 2533 1046 2572 Pythagoras
1061 2529 1285 2570 Philosophus
1298 2528 1464 2559 maximus
1477 2528 1533 2557 do-

810 2583 913 2614 'enit.
960 2583 1054 2613 Illius
1076 2580 1237 2612 audiendi
1262 2589 1365 2610 causa
1388 2579 1534 2610 Numam

830 2636 1014 2665 crotonem
1029 2631 1238 2664 concessisse
1252 2630 1348 2661 tinxit
1364 2629 1484 2666 vot-ta,
1497 2631 1535 2658 ut

831 2684 963 2715 subulas
980 2693 1058 2714 suns
1082 2685 1284 2713 consueret:
1310 2688 1406 2719 quiem
1429 2677 1534 2708 multo

823 2735 992 2774 juniorem
1023 2743 1090 2764 non
1122 2731 1272 2773 potuisse
1301 2728 1416 2759 sidere
1439 2727 1531 2759 illum

829 2785 911 2816 sutis
928 2788 1073 2815 constat.
