1773 3121
187 210 302 252 2150
673 224 714 253 P.
748 221 903 252 ovmn
939 220 1150 252 NAsoms

187 315 385 356 TER'rrA
407 320 509 370 post
529 315 686 358 Nonas
707 330 924 360 removere
946 317 1157 371 Lycaona
1177 316 1348 357 Phoebe
1556 316 1640 358 235

245 383 396 424 Fertur
413 398 422 425 :
453 388 496 424 et
517 397 543 424 a
563 389 683 437 tergo
700 398 788 426 non
804 385 937 426 habet
958 384 1076 425 Ursa
1092 388 1270 425 metum.

187 450 313 490 Tunc
336 452 418 503 ego
436 464 505 491 me
526 453 700 492 memini
722 453 871 493 Ludos
891 453 936 493 in
954 453 1146 505 gramine
1168 451 1325 505 Campi

243 515 461 570 Aspicere
475 532 491 580 Ξ,
521 523 562 559 et
582 519 730 569 didici,
750 520 919 560 lubrice
941 519 1120 572 Thybri,
1143 524 1255 560 tuos.

190 583 326 625 Festa
346 585 442 626 dies
464 581 566 636 illis,
591 588 666 640 qui
688 588 777 628 lina
791 587 1010 628 madentia
1031 587 1210 636 ducunt,

247 651 428 706 Quique
448 657 592 706 tegunt
613 655 763 707 parvis
781 667 869 695 aera
888 667 1068 697 recurva
1090 654 1216 694 cibis,

189 717 337 759 MENs
360 733 534 774 quoque
553 735 707 761 numen
724 723 900 767 habet...-
929 721 1071 762 Menti
1091 720 1271 762 delubra
1291 719 1487 762 videmus

244 785 365 826 Vota
385 791 502 828 metu
523 787 646 835 belli,
667 786 831 839 perfide
854 786 1009 835 Poene,
1028 788 1106 827 tui.

187 853 343 901 Poene,
365 853 595 892 rebellaras
613 865 636 902 z,
655 855 698 891 et
716 852 802 891 leto
824 850 1033 892 Consulis
1053 864 1202 892 omnes

243 918 434 960 Attoniti
458 908 642 959 Mauras
661 919 916 972 pertimuere
938 930 1110 959 manus.

188 986 322 1039 Spem
337 989 478 1028 metus
498 986 732 1040 expulerat
748 996 890 1044 icum
913 985 1053 1028 Menti
1072 989 1179 1026 vota
1201 984 1388 1025 Senatus

244 1054 466 1107 Suscipit3
498 1057 541 1094 et
561 1054 718 1095 melior
737 1047 937 1107 protinus
961 1053 1037 1094 illa
1059 1052 1190 1094 venit.

1555 651 1640 693 240

1559 983 1645 1026 245

192 1173 299 1203 Nonas
322 1171 438 1202 «licitur
454 1172 605 1211 expellere
628 1171 821 1212 Lycaonem:
843 1175 933 1212 atque
964 1173 1045 1203 Ursa
1072 1182 1132 1203 non
1157 1173 1269 1203 metuit
1297 1182 1316 1202 a
1347 1175 1443 1211 tergo.
1490 1172 1646 1202 Recordor

187 1225 234 1245 me
250 1218 324 1244 tunc
347 1218 484 1254 spectare
501 1214 604 1244 Ludos
629 1215 663 1243 in
686 1214 829 1252 gramine
856 1215 966 1253 Campi
979 1224 992 1250 ,·
1013 1217 1104 1254 atque
1128 1216 1234 1244 doctus
1257 1224 1325 1244 sum
1346 1224 1410 1245 esse
1435 1217 1515 1253 tuos,
1532 1213 1648 1254 Thybri

182 1256 295 1296 fluide.
340 1258 417 1288 Dies
432 1266 518 1287 sacra
536 1257 598 1286 illis
620 1256 672 1295 qui
688 1256 817 1286 trahunt
841 1255 905 1286 lina
929 1256 1065 1294 humida,
1090 1257 1200 1296 quique
1215 1257 1356 1295 operiunt
1370 1265 1435 1285 (ενα
1448 1257 1566 1286 adunca
1582 1256 1648 1286 exi-

185 1300 259 1337 guis
283 1299 368 1330 escis.
460 1299 550 1328 Mens
578 1298 670 1328 habet
699 1299 794 1327 etiam
824 1307 946 1327 numen.
994 1298 1158 1328 Cernimus
1185 1298 1297 1337 templa
1321 1301 1392 1328 vota
1411 1298 1516 1328 Menti
1539 1297 1649 1328 timore

188 1342 257 1371 belli
275 1342 333 1378 tui,
350 1342 444 1370 Poene
456 1340 583 1379 perfide.
629 1340 735 1377 Poene,
751 1339 952 1368 rebellaveras
962 1348 973 1373 ,·
995 1343 1086 1378 atque
1109 1349 1211 1369 omnes
1231 1340 1377 1369 exterriti
1391 1343 1489 1370 morte
1506 1341 1648 1371 Consulis

187 1387 361 1413 metuerunt
387 1391 497 1413 manus
526 1382 669 1412 Mauras.
717 1381 822 1411 Timor
851 1390 936 1420 spem
965 1381 1145 1421 resciderat,
1169 1391 1237 1411 cum
1264 1381 1398 1412 Senatus
1421 1382 1546 1422 suscipit
1575 1385 1648 1413 vata

798 1477 1034 1489 eeeeeeeeeeee

192 1535 348 1566 ...humus
391 1534 474 1565 Tum
500 1533 630 1565 Bonon.
653 1533 766 1564 virebit
782 1533 1009 1564 humus.--235
1035 1533 1195 1564 Heinsius
1221 1544 1257 1565 se
1281 1534 1344 1565 hoc
1368 1543 1433 1565 non
1455 1534 1647 1574 intelligere

190 1581 372 1609 notaverat
395 1577 430 1607 in
455 1577 588 1615 codice,
607 1581 642 1607 et
659 1576 752 1606 varie
772 1576 929 1607 tentabat
943 1577 1076 1607 locum:
1101 1577 1166 1612 vel,
1189 1580 1360 1608 removente
1380 1577 1517 1617 Lycaoni
1535 1577 1649 1608 Phaebe

188 1621 310 1659 Ferris,
332 1624 370 1650 ut
387 1620 428 1650 de
446 1629 525 1650 ursa
543 1619 777 1659 intelligatur3
800 1618 937 1658 Lycaoni
959 1624 1032 1649 erat
1060 1619 1095 1649 in
1119 1619 1306 1650 Patavino:
1333 1619 1397 1659 vel,
1417 1628 1571 1650 removere
1587 1619 1650 1659 Ly-

189 1663 295 1694 caonis
320 1662 421 1693 orbem
447 1662 578 1693 Fertur:
602 1661 727 1692 deinde
744 1661 826 1691 nihil
851 1661 1047 1700 mutandum
1065 1662 1237 1700 censebat,
1266 1666 1302 1692 et
1325 1661 1367 1692 de
1394 1661 1649 1702 Arctophylaca

190 1705 357 1745 capiebat.
402 1704 470 1735 Sed
498 1709 590 1735 recte
619 1704 783 1734 Fanensis
804 1703 948 1744 Lycaona
975 1713 1036 1744 pro
1060 1704 1269 1744 Lycaonidem
1295 1704 1373 1744 poni
1396 1704 1518 1735 docet:
1543 1705 1650 1735 Arcas

190 1748 279 1778 enim
312 1752 366 1778 est
394 1747 560 1787 Lycaonis
592 1756 717 1786 nepos:
751 1751 787 1777 et
816 1746 879 1777 hoc
909 1755 1001 1777 more
1034 1747 1245 1778 Graecorum.
1290 1747 1346 1777 Ita
1359 1745 1563 1787 Ἀμφιτρύων,
1587 1755 1649 1786 pro

189 1789 472 1830 Ἀμιφιτρυωνίδης,
489 1789 632 1820 Pindar.
650 1798 697 1819 ιν.
715 1789 813 1820 Nem.
831 1791 882 1819 32.
901 1788 958 1819 ubi
977 1789 1044 1819 vid.
1063 1789 1170 1820 Schol.
1185 1794 1220 1820 et
1234 1798 1268 1820 x.
1293 1789 1405 1830 Olym.
1421 1792 1474 1820 42.
1494 1787 1657 1829 Μολίονες,

190 1842 253 1872 pro
269 1831 460 1863 Μολιονίδαι·
486 1832 542 1863 ubi
561 1831 628 1862 vid.
654 1831 802 1862 Schmid.
830 1831 1045 1862 Barim—237
1072 1831 1167 1862 Unus
1181 1831 1269 1862 Maz.
1287 1841 1336 1870 eg.
1357 1832 1548 1862 commemini
1563 1831 1648 1862 L.—

188 1877 251 1905 238
276 1876 388 1905 Didici
406 1875 524 1905 Heins.
549 1874 724 1914 rescripsit
749 1883 791 1904 ex
817 1873 1014 1904 melioribus
1040 1883 1101 1914 pro
1126 1874 1217 1915 vulg.
1239 1873 1422 1905 dici.-24o
1445 1874 1515 1905 Pro
1539 1873 1648 1914 parvis

188 1917 245 1947 Fr.
270 1927 289 1947 a
316 1927 402 1948 man.
434 1927 482 1957 pr.
507 1917 631 1957 pravis.-
660 1917 779 1947 Heins.
803 1917 938 1946 volebat
961 1917 1183 1956 parcis-243
1210 1917 1384 1955 Meliores,
1409 1921 1498 1947 teste
1525 1916 1648 1947 Heius.

189 1960 373 1997 rebellam-33
397 1960 501 1990 ceteri
518 1958 693 1990 rebellabas.
738 1959 823 1989 Mox
851 1957 895 1989 A.
924 1968 974 1999 pr.
1000 1960 1053 1990 let.
1080 1959 1240 1999 Principis
1254 1961 1440 1990 amm—244
1463 1957 1506 1990 A.
1524 1968 1576 1999 pr.
1598 1957 1649 1988 M.

190 2001 359 2032 extimuere
373 2004 563 2032 maru—245
588 2002 656 2032 Pro
672 2002 846 2041 expulerat,
871 2001 926 2032 alii
951 2001 1135 2041 abstulerat,
1157 2002 1210 2032 vel
1233 2002 1508 2033 extulerat.—246
1529 2001 1588 2031 Pr.
1604 1999 1648 2032 A.

855 2108 993 2139 NOTAE

233 2184 294 2212 235
323 2181 429 2212 Tertia
438 2181 522 2222 post]
538 2181 708 2213 Inclusive
721 2186 890 2221 tamen,ut

192 2231 307 2269 aiunt;
328 2232 392 2262 hoc
418 2236 483 2272 est,
498 2235 529 2263 7.
555 2232 637 2263 Idus
656 2233 889 2274 Arctophylax

190 2281 317 2313 occidit
333 2291 442 2312 mane.

236 2331 393 2372 Lycaona]
416 2333 605 2372 Lycaonem
621 2341 683 2372 pro
693 2331 890 2372 Lycaonide

190 2385 329 2420 nepote,
359 2381 508 2420 Arcade,
529 2382 672 2420 scilicet,
698 2381 892 2413 Callistonis

191 2430 274 2469 filio,
292 2431 416 2470 posuit,
431 2433 485 2471 qui
511 2432 544 2462 in
568 2432 688 2462 coelum
710 2433 892 2463 translatus

193 2479 430 2519 Arctophylax
449 2481 640 2521 appellatus
656 2480 732 2512 fuit.

237 2529 367 2569 Phoebe]
393 2531 499 2561 Luna.

235 2581 299 2610 236
324 2580 368 2609 Et
395 2590 414 2610 a
430 2579 532 2619 tergo]
576 2579 631 2610 Ad
653 2580 735 2611 illud
760 2579 894 2620 alludit,

194 2628 285 2670 quod
312 2629 345 2659 in
370 2630 511 2660 Metam.
525 2629 663 2670 scripsit
685 2629 726 2659 de
745 2628 893 2667 Arcade,

193 2679 252 2720 qui
283 2684 424 2710 matrem
451 2679 483 2710 in
508 2679 629 2711 Ursam
655 2683 817 2711 mutatam
841 2684 894 2711 est

194 2729 379 2760 insecutus.

238 2781 300 2809 237
328 2779 427 2819 Tunc]
452 2781 483 2809 7,
500 2778 594 2810 Idus.

986 2185 1048 2213 238
1076 2183 1167 2223 Tuos]
1203 2180 1390 2222 Thybrales
1407 2180 1490 2212 dicti
1507 2184 1587 2212 sunt
1608 2180 1644 2211 in

943 2233 1106 2263 honorem
1122 2232 1303 2272 Thybridis
1328 2231 1488 2262 instituti.
1547 2231 1648 2263 Quod

944 2283 1064 2314 festum
1093 2293 1111 2313 a
1135 2282 1364 2323 piscatoribus
1388 2282 1542 2322 inprimis
1558 2282 1647 2313 cele-

947 2334 1090 2365 bratum.

988 2386 1051 2415 242
1071 2382 1166 2422 Vota]
1179 2383 1287 2413 Suasu
1297 2381 1548 2414 Decemvirum.
1563 2381 1651 2412 Post

946 2434 1120 2475 inspectos
1146 2433 1249 2464 libros
1274 2431 1409 2470 fatales,
1426 2431 1534 2462 aedem
1556 2431 1650 2462 vovit

948 2484 1088 2514 Attilius
1110 2483 1258 2520 Praetor,
1280 2481 1453 2512 dedicavit
1471 2481 1513 2512 T.
1531 2481 1650 2512 Otaci-

947 2533 1009 2563 lius
1027 2533 1180 2563 Crassus.
1223 2531 1358 2561 Videsis
1378 2531 1519 2561 Livium.

992 2581 1130 2623 Perfide]
1143 2581 1324 2611 Poenorum
1337 2589 1394 2610 seu
1407 2579 1650 2620 Carthaginen-

947 2630 1031 2661 sium
1049 2630 1221 2670 proprium
1237 2629 1391 2669 elogium.

991 2683 1054 2712 243
1081 2678 1236 2718 Consulis]
1265 2680 1306 2712 Q.
1321 2678 1478 2710 Flaminii
1491 2677 1534 2710 ad
1545 2679 1648 2710 Thra-

947 2729 1111 2761 simenum
1128 2730 1248 2761 lacum.

989 2782 1051 2811 244
1086 2779 1231 2820 Mauras]
1272 2779 1342 2811 Pro
1368 2778 1486 2811 Poeuis
1513 2777 1649 2821 posuit:
