1773 3121
237 181 353 225 1812
723 195 764 226 P.
797 194 956 225 ovmu
990 193 1203 226 NASONIS

238 288 348 331 Cum
369 289 498 331 libuit
519 288 681 330 Pacem
705 290 896 342 placidis
917 291 1107 332 emittere
1128 290 1259 332 tectis
1277 303 1288 341 ;

293 357 454 398 Libera
472 360 710 410 perpetuas
733 358 925 399 ambulat
943 358 1020 398 illa
1040 359 1156 399 vias.

237 424 458 477 Sanguine
479 423 648 465 letifero
670 428 788 464 totus
808 424 1060 465 miscebitur
1081 425 1214 475 orbis,

295 491 358 532 Ni
379 495 549 532 teneant
570 491 721 544 rigidae
743 492 916 533 condita
935 492 1053 532 bella
1074 505 1202 532 serae.

235 558 463 600 Praesideo
485 559 650 600 foribus
673 559 775 599 coeli
797 572 896 599 cum
917 559 1094 599 mitibus
1121 558 1286 599 Horis:

294 625 351 674 It,
371 625 482 666 redit
502 626 643 667 officio
663 625 842 679 Jupiter
862 626 961 678 ipse
982 638 1093 666 meo.

235 692 346 732 lude
367 706 503 733 vocor
523 692 551 734 J
557 706 680 746 anus.
744 693 826 734 Cui
847 706 945 733 cum
968 692 1144 733 Cereale
1166 692 1376 733 sacerdos

295 760 489 813 [inponit
507 761 662 808 libum,
685 748 915 812 mixtaque
937 759 1053 799 farra
1073 759 1170 808 sali,

236 826 434 868 Nomina
451 827 613 867 ridebis
631 840 641 866 z
672 827 805 867 modo
828 839 1016 879 namque
1037 824 1271 865 Patulcius
1291 824 1421 874 idem,

291 893 349 934 Et
369 894 502 933 modo
526 893 733 934 sacrifico
757 893 933 934 Clusius
953 905 1026 932 ore
1046 905 1193 932 vocor.

1613 558 1698 599 125

1610 891 1695 932 130

236 1023 366 1058 Quando
372 1022 488 1062 placuit
497 1021 638 1052 emittere
646 1021 759 1052 Pacem
770 1021 891 1061 templis
899 1021 1087 1061 tranquillis,
1098 1020 1151 1051 illa
1161 1019 1257 1051 libera
1269 1019 1381 1051 incedit
1390 1029 1446 1060 per
1454 1019 1520 1051 vias
1527 1021 1696 1053 continuas.

235 1067 330 1096 Totus
340 1066 468 1095 mundus
477 1067 642 1104 spargetur
652 1074 758 1094 cruore
768 1063 939 1102 mortifero,
950 1064 1120 1105 nisifirmae
1130 1073 1206 1093 serre
1215 1063 1387 1103 reprimant
1398 1064 1499 1094 clausa
1510 1063 1598 1095 bella.
1630 1064 1649 1095 1
1651 1075 1695 1095 m·

230 1109 353 1148 perium
363 1107 455 1137 habeo
466 1108 497 1137 in
508 1108 641 1137 claustra
652 1107 720 1137 coeli
731 1117 800 1137 cum
809 1107 924 1137 lenibus
938 1106 1054 1137 Horis:
1076 1106 1140 1146 ipse
1150 1106 1176 1135 J
1178 1106 1278 1145 upiter
1288 1109 1368 1136 meat
1376 1109 1466 1146 alque
1474 1109 1589 1137 remeat
1598 1107 1697 1148 officio

233 1161 309 1181 meo.
333 1151 411 1180 Inde
419 1150 555 1189 appellor
563 1150 588 1178 J
589 1159 664 1178 anus
672 1160 681 1179 :
697 1150 747 1179 cai
758 1159 828 1179 cum
836 1149 986 1179 Sacerdos
994 1150 1134 1179 admovet
1144 1148 1237 1178 libum
1244 1171 1252 1186 ‚
1260 1152 1289 1179 et
1292 1147 1387 1186 sarra
1397 1148 1498 1179 mixta
1506 1148 1696 1187 sali,ridebis

233 1193 357 1223 nomina
370 1202 381 1228 ;
396 1201 522 1231 namque
537 1191 618 1221 idem
629 1201 707 1221 nune
719 1192 806 1222 dicor
821 1191 996 1231 Patulcius,
1011 1200 1089 1221 nunc
1104 1191 1230 1221 Clusius
1245 1201 1295 1221 ore
1310 1190 1499 1222 Sacerdotis.
1533 1190 1696 1223 Nimirum

844 1275 864 1286 ο
869 1275 1080 1287 eeeeeeeeeee

234 1330 313 1361 Pat.
328 1331 406 1369 plac.
423 1330 604 1368 immittere,
629 1333 665 1360 et
686 1330 763 1361 Pol.
791 1334 825 1361 et
853 1334 999 1370 quatuor
1027 1329 1168 1360 emittere
1192 1330 1309 1360 terris:
1335 1328 1380 1360 H.
1405 1328 1577 1360 immittere
1589 1328 1692 1369 rebus,

233 1373 324 1412 quod
343 1372 502 1412 placebat
516 1373 634 1402 Heius.
653 1373 757 1403 Tectis
773 1382 834 1412 pro
845 1373 934 1409 vulg.
948 1372 1057 1408 textis,
1072 1378 1106 1402 ut
1121 1372 1212 1410 alibi,
1227 1373 1329 1402 etiarn
1341 1372 1394 1402 hic
1407 1372 1560 1411 reposuit
1574 1372 1691 1403 Burm.

232 1417 340 1445 β»122
365 1415 533 1454 Perpetuos
550 1420 602 1444 est
630 1424 672 1444 cx
701 1415 778 1445 libr.
808 1414 986 1450 Ui·sini‚et
1014 1414 1079 1443 alio
1107 1414 1276 1454 quodam:
1302 1414 1392 1453 vulg.
1417 1424 1474 1451 per
1489 1417 1596 1449 tutas‚‘
1620 1419 1691 1446 tres

234 1455 312 1486 libri
335 1466 390 1495 per
404 1460 604 1487 totas.—123
632 1458 721 1488 Mor.
749 1456 846 1495 Sang.
862 1455 999 1492 lucifero,
1016 1455 1105 1495 quod
1132 1465 1192 1495 pro
1209 1455 1350 1491 laetifero
1366 1455 1558 1495 accipiebat
1571 1456 1692 1488 Heius.

232 1499 340 1529 —126
363 1499 418 1528 Sic
437 1499 555 1531 Heius.
574 1509 614 1529 ex
631 1501 728 1530 Voss.
756 1504 791 1529 et
808 1503 937 1538 septem
963 1497 1057 1528 aliis:
1084 1498 1171 1537 vulg.
1200 1498 1245 1529 Et
1269 1499 1334 1528 red.
1356 1497 1412 1538 off'.
1439 1498 1475 1528 J.
1499 1497 1582 1538 itque
1606 1508 1691 1530 m.—

234 1543 296 1571 127
319 1541 379 1572 Be.
396 1542 472 1571 mihi
494 1551 554 1580 pro
579 1543 748 1572 cut—128
775 1541 894 1571 Heins.
921 1541 1009 1580 conj.
1037 1540 1167 1580 Seponit
1191 1541 1245 1571 lib.
1272 1540 1327 1571 vel
1349 1539 1517 1581 Apposuit,
1537 1540 1589 1571 vel
1615 1541 1692 1572 Jam

232 1583 357 1622 posuit.-
382 1583 468 1613 liber
495 1583 642 1614 Strozzae
666 1583 827 1624 Imposuit.
864 1584 952 1614 Dein
976 1591 1037 1623 pro
1060 1584 1135 1622 sale,
1151 1583 1240 1623 quod
1266 1582 1402 1623 plurimi
1427 1582 1546 1622 scripti
1558 1587 1594 1614 et
1609 1581 1701 1614 editi·

233 1625 373 1666 habent,
404 1625 521 1657 Burin.
556 1627 711 1668 reposuit
736 1627 915 1658 sali.-130
950 1625 1096 1658 Quidam
1124 1626 1228 1657 etiam
1262 1625 1524 1659 Clausius.—-131
1547 1625 1692 1658 Plurimi

892 1722 1035 1756 NOTAE

278 1789 337 1817 121
366 1787 485 1828 Tectis]
513 1788 680 1829 Templis.
726 1787 781 1819 Ad
810 1797 938 1819 morem

236 1838 357 1868 alludit
372 1838 550 1869 claudendi
570 1849 666 1878 pace,
684 1840 737 1869 vel
761 1838 937 1879 aperiendi

1018 1786 1119 1818 osuit.

993 1797 1014 1827 p
1037 1840 1098 1868 127
1123 1837 1215 1878 Inde]
1241 1837 1327 1869 Sunt
1340 1841 1453 1870 tamen
1471 1837 1527 1879 qui
1543 1838 1657 1879 potius
1672 1844 1692 1870 a

234 1887 424 1928 beno,Jani
442 1889 616 1929 templum.
642 1889 854 1928 Quiquidem
868 1897 937 1918 mos

236 1945 279 1967 ex
305 1946 344 1967 eo
377 1941 518 1976 tractim,
548 1937 639 1978 quod
667 1947 743 1967 cum
772 1936 936 1967 adversus

234 1985 378 2016 Sabinos
410 1986 572 2017 Romulus
601 1991 782 2026 pugnaret,
817 1986 935 2017 calidae

235 2044 331 2075 aquae
348 2035 397 2065 vis
413 2045 533 2075 magna
545 2046 587 2067 ex
601 2046 641 2067 eo
658 2037 731 2066 loco
744 2036 802 2066 ubi
815 2036 937 2066 deiude

235 2083 315 2116 Jani
330 2084 421 2115 aedes
436 2086 602 2125 eruperit,
618 2095 693 2126 qum
717 2085 827 2116 hostes
843 2085 937 2126 fuga-

236 2134 337 2166 verit.

281 2188 341 2216 125
382 2185 529 2225 For-ibus]
573 2185 641 2217 Per
666 2187 803 2225 Jannm,
829 2186 937 2227 inquit

235 2235 446 2274 Macrobius,
471 2236 588 2266 volunt
603 2236 713 2267 Solem
730 2235 939 2267 demonstra-

235 2285 276 2324 ri,
290 2288 325 2315 et
337 2284 413 2315 ideo
436 2283 630 2323 bifrontem,
644 2286 737 2326 quasi
761 2286 935 2326 utriusque

232 2335 346 2375 januae
384 2335 544 2374 coelestis,
578 2340 670 2366 ortus
708 2339 744 2366 et
788 2345 936 2376 occasus,

237 2389 425 2426 potentem.

281 2434 430 2474 Mitibus]
466 2434 625 2475 Veiquia
652 2435 684 2465 in
703 2445 822 2475 genere
838 2436 937 2466 lenis-

238 2485 321 2517 sime
334 2495 448 2516 omnes
463 2484 588 2522 fluunt3
606 2486 658 2516 vel
672 2486 750 2526 quia
761 2486 935 2517 matutinae

240 2541 275 2568 et
318 2537 523 2577 vespertinae
558 2536 681 2566 ceteris
719 2536 820 2576 magis
852 2541 935 2567 tem-

240 2590 383 2628 peratae.

284 2635 398 2675 Horis]
428 2636 507 2666 Non
530 2634 671 2666 Po'ctIce
695 2634 806 2674 inodo,
820 2635 878 2666 sed
900 2639 936 2666 et

239 2685 400 2726 Pliysice,
413 2685 542 2716 dictum
559 2684 660 2715 istud.

284 2738 346 2768 12ss
361 2735 504 2776 Jupiter]
526 2736 592 2767 Pro
609 2735 683 2767 luce
696 2735 780 2776 ipsa,
796 2744 853 2767 seu
869 2735 937 2776 die,

990 1887 1200 1927 Janojanuae
1215 1898 1337 1919 nomen
1351 1888 1526 1926 derivent3
1544 1889 1597 1919 cui
1612 1888 1690 1920 ideo

991 1935 1149 1967 introitus
1173 1941 1208 1967 et
1224 1938 1335 1968 exitus
1352 1937 1472 1968 aedium
1489 1938 1693 1978 consecrati,

991 1985 1081 2026 quod
1113 1996 1152 2017 eo
1188 1993 1353 2027 regnante
1388 1987 1535 2018 omnium
1571 1987 1690 2019 domus

990 2036 1152 2076 religione
1177 2047 1216 2068 ac
1240 2037 1423 2068 sanctitate
1449 2037 1589 2068 munitae
1613 2037 1692 2068 sint.

991 2086 1113 2117 Cicero
1142 2087 1184 2117 ab
1212 2087 1333 2118 Eundo
1360 2086 1450 2122 Jani,
1474 2086 1568 2128 quasi
1593 2088 1690 2127 Eam’,

990 2145 1111 2167 nomeu
1125 2137 1303 2168 derivavit.
1326 2135 1394 2167 Alii
1407 2146 1424 2167 a
1435 2136 1527 2168 Chao
1541 2137 1689 2168 deduxe-

989 2192 1079 2218 runt.
1125 2188 1271 2220 Quidam
1287 2197 1305 2218 a
1316 2188 1432 2226 Juvat),
1446 2186 1535 2228 quod
1547 2188 1689 2229 Japheti

988 2236 1057 2268 filio
1072 2247 1194 2269 nomen
1210 2237 1287 2270 fuit.
1334 2237 1402 2268 Alii
1419 2238 1485 2268 alia
1500 2238 1689 2270 comminis-

988 2294 1123 2321 cuntur.

1035 2339 1175 2380 Cereale]
1206 2340 1294 2372 Quia
1311 2340 1413 2371 Ceres
1437 2339 1571 2380 frugum
1596 2341 1689 2380 Dea.-

990 2390 999 2406 ‘
1013 2389 1154 2422 Janual’
1172 2400 1252 2421 vero
1267 2390 1347 2421 illud
1367 2390 1484 2421 Libum
1496 2390 1689 2430 appellaba-

992 2443 1045 2469 tur
1059 2440 1146 2480 quod
1157 2440 1244 2471 Jano
1254 2440 1489 2471 tantummodo
1499 2439 1689 2471 libabatur:
1741 2467 1744 2472 .

991 2489 1033 2519 de
1051 2499 1115 2530 quo
1130 2490 1260 2528 Festus,
1274 2500 1372 2530 quem
1386 2490 1474 2521 vide.

1034 2542 1095 2569 128
1132 2539 1258 2578 Misco]
1301 2540 1397 2570 Mola
1427 2539 1605 2571 dicebatur
1633 2538 1686 2571 far

990 2592 1115 2619 tostum
1131 2594 1167 2619 et
1183 2589 1253 2619 sale
1270 2598 1433 2629 sparsum.

1034 2641 1095 2669 129
1118 2638 1296 2678 Patulcius]
1324 2638 1354 2669 A
1370 2638 1528 2679 palendO.
1683 2675 1686 2678 ⁴

1033 2691 1094 2718 130
1119 2688 1257 2728 Clusius]
1292 2688 1322 2719 Λ
1340 2688 1552 2721 claudendo:
1578 2689 1627 2721 uti
1644 2690 1685 2721 ab

989 2737 1064 2777 ipso
1079 2737 1168 2769 Jano
1185 2748 1261 2769 mox
1274 2737 1419 2770 dicetur.
