1773 3121
258 228 370 273 1850

740 239 781 269 P.
813 238 970 268 OVlDll
1003 237 1213 268 NASONIS

258 333 537 386 Redditaque
557 337 626 372 est
642 333 781 372 omnis
802 333 968 386 populo
989 333 1217 385 provincia
1234 334 1413 384 nostro3

318 400 375 440 Et
393 404 492 440 tuus
512 400 900 451 Angusto-nomine
921 400 1064 439 dictus
1083 412 1204 440 avus.

1615 394 1699 437 590

259 468 440 518 Perlege
464 467 704 519 dispositas
725 479 932 518 generosa
953 479 1033 518 per
1054 467 1167 506 atria
1188 477 1336 516 ceras;

318 532 597 582 contigerunt
617 533 725 573 nulli
748 535 921 574 nomina
943 539 1062 586 tanta
1083 534 1190 573 viro.

258 598 411 640 Africa
433 601 641 640 victorem
662 601 714 640 de
736 614 783 640 se
808 607 935 641 vocat
953 615 962 642 :
993 601 1102 641 alter
1123 600 1318 649 Isauras,

317 665 409 708 Aut
429 666 603 707 Cretum
625 668 815 707 domitas
837 666 1105 708 testificatur
1126 680 1252 721 opeS.

259 786 357 817 Jovts.
401 786 503 827 Atque
526 788 624 818 omnis
647 786 804 827 provincia
829 790 874 816 est
904 787 1027 817 reddita
1049 788 1157 826 populo
1179 789 1297 824 nostro,
1313 788 1343 816 et
1358 794 1433 816 avus
1447 786 1517 815 tuus
1532 783 1706 824 appellatus

259 829 380 859 ‘nomine
395 830 547 867 Augusto.
595 831 708 860 Evolve
721 838 808 859 cerus
823 829 960 866 digestas
980 839 1035 867 per
1061 829 1144 858 atria
1168 828 1302 863 nobilia;
1317 827 1432 858 nemini
1452 827 1628 865 obtigerunt
1642 828 1706 855 tam

258 872 409 909 praeclara
424 872 557 901 nomina.
602 871 713 909 Africa
729 870 860 910 appellat
876 871 1018 900 victorem
1033 872 1070 900 de
1084 879 1116 899 se
1127 880 1138 906 ,·
1160 870 1240 900 alius
1261 873 1396 900 testatur
1415 879 1485 908 opes
1500 869 1637 908 Isauras,
1651 869 1706 898 aut

865 963 998 974 ‘‘‘‘‘‘‘

1003 963 1097 973 ιιιιι

262 1020 377 1051 Burm.
408 1024 572 1060 praestare
597 1023 713 1050 censet
729 1018 811 1049 Sem.
829 1019 960 1059 flamma
986 1019 1058 1049 risc.
1094 1024 1189 1049 certe
1206 1018 1354 1058 flammas
1376 1018 1410 1048 in
1441 1016 1573 1047 duobus
1602 1017 1709 1046 est.—

262 1065 324 1094 591
348 1062 389 1093 In
404 1072 469 1092 uno
485 1063 526 1093 V.
542 1066 575 1092 et
593 1062 706 1092 Ursin.
724 1062 804 1101 disp.
821 1062 957 1092 cineroso
972 1071 1051 1100 per;
1074 1066 1108 1091 et
1125 1061 1172 1091 sic
1191 1062 1224 1091 in
1244 1062 1294 1092 Fr.
1310 1071 1330 1091 a
1352 1070 1439 1091 man.
1456 1069 1508 1100 pr.
1523 1059 1592 1090 duo
1606 1066 1709 1089 nume·

260 1115 353 1141 rosa;
377 1104 518 1136 totidem
542 1115 675 1135 annosa.-
697 1104 817 1135 Glossa
844 1103 988 1143 Rumpfii
1017 1113 1164 1140 onerosu;
1195 1104 1308 1134 Burin.
1335 1103 1424 1143 conj.
1452 1111 1511 1141 pro
1527 1109 1708 1141 operosa.—

261 1150 324 1177 592
347 1147 414 1177 Alii
433 1147 650 1185 (fontigerinm
675 1147 763 1186 vulg.
792 1146 878 1177 Edd.
911 1146 1138 1183 Contigerant:
1163 1146 1282 1177 Heins.
1311 1146 1404 1177 dedit
1433 1143 1639 1182 Contigerant
1665 1151 1708 1173 ex

262 1189 340 1220 Pet.
354 1189 558 1219 veterrimo:
583 1190 747 1228 Excerpt.
767 1188 957 1219 Kloekhov.
983 1189 1085 1218 etiam
1104 1198 1180 1218 cum
1207 1189 1263 1219 Fr.
1283 1188 1486 1227 Contingunt,
1500 1191 1535 1217 et
1551 1186 1612 1217 Be.
1630 1185 1709 1215 Con-

259 1235 408 1270 gregent,
434 1231 711 1261 mendose—593
737 1231 813 1261 Non
845 1231 1003 1270 displicet
1030 1231 1178 1270 Neapoli
1208 1231 1310 1261 lectio
1326 1230 1483 1260 editionis
1513 1238 1590 1269 quae
1606 1227 1710 1258 habet

263 1273 417 1312 Isauram,
438 1282 513 1302 narn
539 1273 666 1302 Cretum
689 1273 862 1313 sequitnr;
886 1274 933 1303 sic
959 1273 1063 1303 etiam
1092 1275 1146 1302 Sa.
1174 1277 1209 1303 et
1235 1276 1380 1313 quatuor
1404 1271 1461 1302 alii
1478 1270 1584 1302 Codd.
1612 1269 1653 1300 P.
1674 1273 1712 1299 et

262 1315 352 1346 Mor.
375 1315 522 1351 Isauros;
547 1324 630 1345 unus
648 1315 806 1354 lsauram3
829 1320 866 1346 et
893 1315 946 1345 Fr.
963 1324 982 1345 a
997 1324 1086 1345 man.
1103 1324 1155 1354 pr.
1177 1314 1408 1345 Isaura.-—-594
1432 1313 1486 1344 Fr.
1512 1312 1580 1344 Aut
1600 1321 1710 1351 regum

916 1426 1054 1457 NOTAE

264 1501 492 1532 (armentalia
508 1494 783 1533 celebrabantur.

302 1552 365 1580 588
388 1550 586 1590 Semimaris]
608 1551 781 1582 Vervecis.

306 1600 458 1630 Flammis
473 1599 564 1640 libat]
588 1600 774 1633 Sacrificat.

304 1654 368 1682 589
390 1652 543 1691 Reddita]
567 1651 666 1683 Anno
683 1653 812 1693 quippe
835 1653 876 1684 ab
897 1654 960 1684 Ur-

264 1701 307 1732 be
331 1700 469 1732 condita
493 1704 564 1732 726.
591 1701 764 1741 Augustus
788 1713 865 1733 cum
892 1714 960 1734 om-

261 1752 353 1781 nium
381 1751 524 1792 gratiam
546 1753 721 1792 superiore
746 1763 834 1784 anno
861 1754 960 1785 bene-

261 1800 344 1832 ficiis
373 1802 440 1832 suis
470 1802 704 1841 demeruisset,
732 1805 884 1834 oratione
917 1805 958 1835 ad

262 1857 396 1891 tempus
421 1851 688 1891 accommodata,
716 1863 788 1883 sese
806 1854 877 1894 jam
904 1854 960 1885 im-

262 1902 356 1942 perio
387 1901 547 1934 abdicare
577 1902 609 1933 in
646 1904 785 1942 Senatu,
815 1908 849 1935 et
876 1905 959 1935 illud

261 1951 404 1983 reddere
436 1953 560 1992 populo
590 1953 739 1984 Romano
772 1956 959 1994 proposuit.

262 2002 313 2032 Ea
325 2011 407 2031 vero
424 2002 555 2032 ratione
571 2001 711 2040 factum,
727 2010 763 2035 ut
779 2006 960 2036 communi-

263 2050 323 2080 bus
340 2051 498 2090 precibus
515 2061 589 2081 eum
607 2062 722 2083 omnes
744 2055 785 2084 ad
803 2055 884 2084 illud
910 2064 960 2084 re-

264 2100 437 2131 tinendum
470 2100 654 2139 coegerint.
710 2102 785 2134 Qua
812 2112 859 2141 re,
884 2113 960 2133 cum

261 2149 438 2189 imperium
491 2149 720 2189 stabilivisset‚
770 2152 961 2192 provincias

261 2198 402 2239 Imperii
434 2198 482 2228 ita
514 2200 671 2238 partitur,
703 2205 740 2231 ut
769 2202 960 2241 pacatiores

261 2249 400 2289 populo,
427 2258 493 2289 qno
531 2249 757 2280 Proconsnles
785 2251 960 2282 mitteren-

262 2303 330 2338 tur,
362 2298 536 2336 traderet3
585 2300 733 2340 reliquas
769 2310 849 2332 vero
886 2312 960 2342 quae

261 2348 352 2380 forte
370 2349 574 2380 rebellarent
600 2350 663 2380 sibi
688 2356 863 2382 servaret:
892 2352 961 2383 fac·

263 2405 400 2439 tumque
416 2399 479 2429 bac
497 2404 581 2436 arte,
598 2407 634 2431 nt
651 2406 684 2431 et
701 2402 842 2432 Senatui
868 2413 960 2434 arma

262 2449 450 2484 sustulerit,
479 2455 513 2479 et
545 2450 586 2480 ad
619 2461 654 2481 se
680 2453 805 2483 milites
833 2463 961 2493 omneS,

261 2498 394 2539 vimque
411 2498 507 2534 adeo,
521 2500 731 2538 perduxerit.
758 2502 869 2543 Atque
883 2504 960 2535 hinc

263 2548 452 2589 cujusmodi
483 2548 586 2580 fuerit
612 2550 675 2580 ista
701 2551 848 2583 redditio
878 2553 961 2584 satis

264 2603 372 2640 patet.

304 2651 368 2679 590
395 2647 492 2687 Tuus]
509 2649 750 2681 Germanicum
767 2652 961 2692 alloquitur.

305 2697 464 2738 Aug-usto]
480 2698 622 2739 Augusti
635 2709 819 2740 cognomen
830 2711 961 2733 sacrum

267 2751 371 2789 atque
402 2749 630 2781 venerandum
661 2751 807 2782 Octavio
838 2752 963 2783 Caesari

267 2797 387 2829 Idibus
407 2797 523 2830 datum
542 2803 690 2833 testatur
704 2801 810 2834 Naso.
848 2802 962 2834 Quan-

1015 1510 1116 1541 quam
1155 1500 1357 1531 Censorinus
1399 1498 1434 1529 in
1472 1499 1524 1529 16.
1562 1495 1712 1528 Kalend.

1015 1551 1180 1582 Februar.
1197 1550 1321 1591 rejicit.
1346 1548 1490 1581 Orosius
1510 1547 1553 1579 ad
1572 1549 1603 1579 8.
1629 1546 1712 1578 Idus

1015 1601 1172 1632 retrahit.
1217 1601 1343 1640 Nugae,
1373 1609 1449 1640 quae
1473 1598 1516 1630 ad
1542 1606 1604 1629 nos
1630 1596 1712 1628 nihil

1015 1657 1185 1693 spectant.

1056 1707 1117 1735 591
1145 1704 1316 1744 Generosa]
1346 1703 1505 1735 Virorum
1535 1711 1715 1743 generoso·

1016 1765 1087 1786 rum
1112 1760 1148 1786 et
1171 1755 1345 1795 nobilium,
1360 1755 1418 1796 qui
1442 1754 1474 1784 in
1497 1753 1593 1785 atriis
1611 1752 1714 1793 majo-

1015 1814 1087 1835 rum
1104 1805 1266 1846 imagines
1281 1805 1315 1836 in
1331 1805 1437 1835 decus
1463 1803 1575 1844 gentis
1599 1811 1713 1834 serva-

1014 1855 1108 1887 bant.
1708 1896 1713 1899 ι

1059 1906 1170 1946 Ceras]
1193 1907 1341 1947 Clypeos
1365 1904 1532 1943 intellige,
1546 1912 1606 1934 seu
1631 1902 1713 1934 ima·

1014 1955 1108 1994 gines
1121 1956 1198 1985 olim
1215 1965 1256 1985 ex
1272 1964 1362 1992 cera,
1385 1962 1526 1994 quarum
1547 1950 1714 1982 beneficio

1015 2006 1252 2044 praeclarorum
1271 2004 1414 2035 virorum
1441 2002 1635 2034 memoriam
1650 2011 1714 2044 per

1013 2055 1159 2094 singulas
1177 2059 1296 2095 gentes
1310 2054 1500 2084 servabant.

1056 2106 1118 2134 593
1142 2103 1270 2143 Africa]
1293 2104 1342 2135 Ut
1365 2102 1470 2142 magis
1494 2101 1640 2143 Augusti
1657 2102 1714 2134 au-v

1016 2159 1149 2194 gustum
1166 2159 1201 2185 et
1218 2153 1444 2184 venerandum
1460 2161 1649 2192 cognomen
1659 2162 1715 2183 ex-

1017 2205 1126 2244 tollat,
1156 2205 1220 2235 alia
1245 2204 1597 2245 praestantissimorum
1627 2203 1714 2235 viro-

1017 2265 1088 2285 rum
1110 2254 1254 2295 profert,
1272 2255 1373 2295 longe
1399 2258 1512 2286 tamen
1538 2252 1715 2286 inferiora.

1016 2303 1165 2335 Africam
1191 2304 1279 2345 quod
1306 2304 1446 2343 attinet,
1470 2304 1589 2345 majori
1611 2307 1714 2346 atque

1014 2354 1133 2385 minori
1150 2354 1313 2395 Scipioni,
1333 2365 1352 2386 a
1369 2355 1488 2396 quibus
1504 2354 1607 2395 victa,
1623 2353 1715 2385 Afri-

1015 2406 1090 2436 cani
1108 2415 1229 2436 nomen
1245 2405 1352 2437 dedit.

1058 2456 1195 2495 Isauras]
1224 2455 1412 2485 isaurorum
1449 2454 1538 2485 Asiae
1573 2452 1714 2494 populo-

1015 2515 1086 2536 rum
1101 2505 1141 2534 ad
1158 2505 1305 2535 Taurum
1319 2509 1465 2534 montem
1480 2514 1489 2540 ς
1507 2503 1562 2543 qui
1579 2502 1621 2533 P.
1637 2501 1714 2533 Ser-

1016 2554 1107 2592 vilio,
1125 2563 1142 2583 a
1170 2562 1234 2592 quo
1258 2552 1389 2591 domiti,
1410 2559 1597 2591 cognomen
1622 2549 1715 2583 fece-

1016 2609 1091 2634 runt
1110 2602 1262 2633 Isaurici.

1059 2655 1120 2683 594
1147 2650 1288 2691 Cretum]
1313 2650 1343 2681 A
1372 2649 1593 2682 Cretensibus
1619 2658 1713 2690 vero,

1017 2706 1076 2733 aut
1091 2701 1226 2732 devicta
1243 2701 1347 2732 Creta
1362 2701 1480 2742 insula,
1493 2700 1536 2734 Q.
1551 2699 1712 2732 Metellus

1018 2751 1173 2784 Creticus
1188 2750 1300 2783 dictus
1315 2754 1379 2783 est.
